%YAML 1.1
%TAG !u! tag:unity3d.com,2011:
--- !u!54 &7246528268535482125
Rigidbody:
  m_ObjectHideFlags: 0
  m_CorrespondingSourceObject: {fileID: 0}
  m_PrefabInstance: {fileID: 0}
  m_PrefabAsset: {fileID: 0}
  m_GameObject: {fileID: 1586311744539764908}
  serializedVersion: 2
  m_Mass: 1
  m_Drag: 2
  m_AngularDrag: 5000
  m_UseGravity: 0
  m_IsKinematic: 0
  m_Interpolate: 0
  m_Constraints: 0
  m_CollisionDetection: 0
--- !u!64 &8841699399367396385
MeshCollider:
  m_ObjectHideFlags: 0
  m_CorrespondingSourceObject: {fileID: 0}
  m_PrefabInstance: {fileID: 0}
  m_PrefabAsset: {fileID: 0}
  m_GameObject: {fileID: 1586311744539764908}
  m_Material: {fileID: 0}
  m_IsTrigger: 0
  m_Enabled: 1
  serializedVersion: 4
  m_Convex: 1
  m_CookingOptions: 30
  m_Mesh: {fileID: 4300000, guid: a2b9f16335cfda74081507453d1466ee, type: 3}
--- !u!114 &5859954928750337752
MonoBehaviour:
  m_ObjectHideFlags: 0
  m_CorrespondingSourceObject: {fileID: 0}
  m_PrefabInstance: {fileID: 0}
  m_PrefabAsset: {fileID: 0}
  m_GameObject: {fileID: 1586311744539764908}
  m_Enabled: 1
  m_EditorHideFlags: 0
  m_Script: {fileID: 11500000, guid: 744aa4e9d5e97e94ba25b25319cb8f40, type: 3}
  m_Name: 
  m_EditorClassIdentifier: 
  agentParameters:
    maxStep: 0
  hasUpgradedFromAgentParameters: 1
  MaxStep: 1000
  scale: 1
  shipSpawnradius: 50
  targetSpawnRadius: 14
  cameraDist: 15
  target: {fileID: 0}
  gameField: {fileID: 0}
  rotationSpeed: {x: 1, y: 1}
  asteroidSetter: {fileID: 0}
  nonRandom: 0
--- !u!114 &8147838624404951018
MonoBehaviour:
  m_ObjectHideFlags: 0
  m_CorrespondingSourceObject: {fileID: 0}
  m_PrefabInstance: {fileID: 0}
  m_PrefabAsset: {fileID: 0}
  m_GameObject: {fileID: 1586311744539764908}
  m_Enabled: 1
  m_EditorHideFlags: 0
  m_Script: {fileID: 11500000, guid: 5d1c4e0b1822b495aa52bc52839ecb30, type: 3}
  m_Name: 
  m_EditorClassIdentifier: 
  m_BrainParameters:
    VectorObservationSize: 17
    NumStackedVectorObservations: 3
    m_ActionSpec:
      m_NumContinuousActions: 3
      BranchSizes: 
    VectorActionSize: 03000000
    VectorActionDescriptions: []
    VectorActionSpaceType: 1
    hasUpgradedBrainParametersWithActionSpec: 1
  m_Model: {fileID: 0}
  m_InferenceDevice: 0
  m_BehaviorType: 0
  m_BehaviorName: ShipNavigation
  TeamId: 0
  m_UseChildSensors: 0
  m_UseChildActuators: 1
  m_ObservableAttributeHandling: 0
--- !u!114 &8729149416433696073
MonoBehaviour:
  m_ObjectHideFlags: 0
  m_CorrespondingSourceObject: {fileID: 0}
  m_PrefabInstance: {fileID: 0}
  m_PrefabAsset: {fileID: 0}
  m_GameObject: {fileID: 1586311744539764908}
  m_Enabled: 1
  m_EditorHideFlags: 0
  m_Script: {fileID: 11500000, guid: 6bb6b867a41448888c1cd4f99643ad71, type: 3}
  m_Name: 
  m_EditorClassIdentifier: 
  m_SensorName: RayPerceptionSensor
  m_DetectableTags:
  - Target
  - Ship
  - Asteroid
  m_RaysPerDirection: 4
  m_MaxRayDegrees: 73
  m_SphereCastRadius: 1.02
  m_RayLength: 100
  m_RayLayerMask:
    serializedVersion: 2
    m_Bits: 1
  m_ObservationStacks: 2
  rayHitColor: {r: 1, g: 0, b: 0, a: 1}
  rayMissColor: {r: 1, g: 1, b: 1, a: 1}
  m_StartVerticalOffset: 0
  m_EndVerticalOffset: 0
--- !u!114 &8742038815515754742
MonoBehaviour:
  m_ObjectHideFlags: 0
  m_CorrespondingSourceObject: {fileID: 0}
  m_PrefabInstance: {fileID: 0}
  m_PrefabAsset: {fileID: 0}
  m_GameObject: {fileID: 1586311744539764908}
  m_Enabled: 1
  m_EditorHideFlags: 0
  m_Script: {fileID: 11500000, guid: 3a5c9d521e5ef4759a8246a07d52221e, type: 3}
  m_Name: 
  m_EditorClassIdentifier: 
  DecisionPeriod: 5
  TakeActionsBetweenDecisions: 1
--- !u!1 &7294687363354219252
GameObject:
  m_ObjectHideFlags: 0
  m_CorrespondingSourceObject: {fileID: 0}
  m_PrefabInstance: {fileID: 0}
  m_PrefabAsset: {fileID: 0}
  serializedVersion: 6
  m_Component:
  - component: {fileID: 6656125283973284322}
  - component: {fileID: 2397316778751674822}
  - component: {fileID: 405263649368194596}
  m_Layer: 0
  m_Name: Camera
  m_TagString: Untagged
  m_Icon: {fileID: 0}
  m_NavMeshLayer: 0
  m_StaticEditorFlags: 0
  m_IsActive: 0
--- !u!4 &6656125283973284322
Transform:
  m_ObjectHideFlags: 0
  m_CorrespondingSourceObject: {fileID: 0}
  m_PrefabInstance: {fileID: 0}
  m_PrefabAsset: {fileID: 0}
  m_GameObject: {fileID: 7294687363354219252}
  m_LocalRotation: {x: 0, y: 0, z: 0, w: 1}
  m_LocalPosition: {x: 0, y: 7.4, z: -20.4}
  m_LocalScale: {x: 1, y: 1, z: 1}
  m_Children: []
  m_Father: {fileID: 1591782601872927320}
  m_RootOrder: 0
  m_LocalEulerAnglesHint: {x: 0, y: 0, z: 0}
--- !u!20 &2397316778751674822
Camera:
  m_ObjectHideFlags: 0
  m_CorrespondingSourceObject: {fileID: 0}
  m_PrefabInstance: {fileID: 0}
  m_PrefabAsset: {fileID: 0}
  m_GameObject: {fileID: 7294687363354219252}
  m_Enabled: 1
  serializedVersion: 2
  m_ClearFlags: 1
  m_BackGroundColor: {r: 0.19215687, g: 0.3019608, b: 0.4745098, a: 0}
  m_projectionMatrixMode: 1
  m_GateFitMode: 2
  m_FOVAxisMode: 0
  m_SensorSize: {x: 36, y: 24}
  m_LensShift: {x: 0, y: 0}
  m_FocalLength: 50
  m_NormalizedViewPortRect:
    serializedVersion: 2
    x: 0
    y: 0
    width: 1
    height: 1
  near clip plane: 0.3
  far clip plane: 1000
  field of view: 60
  orthographic: 0
  orthographic size: 5
  m_Depth: 0
  m_CullingMask:
    serializedVersion: 2
    m_Bits: 4294967295
  m_RenderingPath: -1
  m_TargetTexture: {fileID: 0}
  m_TargetDisplay: 0
  m_TargetEye: 3
  m_HDR: 1
  m_AllowMSAA: 1
  m_AllowDynamicResolution: 0
  m_ForceIntoRT: 0
  m_OcclusionCulling: 1
  m_StereoConvergence: 10
  m_StereoSeparation: 0.022
--- !u!81 &405263649368194596
AudioListener:
  m_ObjectHideFlags: 0
  m_CorrespondingSourceObject: {fileID: 0}
  m_PrefabInstance: {fileID: 0}
  m_PrefabAsset: {fileID: 0}
  m_GameObject: {fileID: 7294687363354219252}
  m_Enabled: 1
--- !u!1001 &1587428914270659046
PrefabInstance:
  m_ObjectHideFlags: 0
  serializedVersion: 2
  m_Modification:
    m_TransformParent: {fileID: 0}
    m_Modifications:
    - target: {fileID: 1152354105411914, guid: cdbec52167efb6a48b63cebb3284c246, type: 3}
      propertyPath: m_Name
      value: SF_Free-Fighter Variant
      objectReference: {fileID: 0}
    - target: {fileID: 1152354105411914, guid: cdbec52167efb6a48b63cebb3284c246, type: 3}
      propertyPath: m_TagString
      value: Ship
      objectReference: {fileID: 0}
    - target: {fileID: 4657497382128574, guid: cdbec52167efb6a48b63cebb3284c246, type: 3}
      propertyPath: m_RootOrder
      value: 0
      objectReference: {fileID: 0}
    - target: {fileID: 4657497382128574, guid: cdbec52167efb6a48b63cebb3284c246, type: 3}
      propertyPath: m_LocalPosition.x
      value: -0
      objectReference: {fileID: 0}
    - target: {fileID: 4657497382128574, guid: cdbec52167efb6a48b63cebb3284c246, type: 3}
      propertyPath: m_LocalPosition.y
      value: 0
      objectReference: {fileID: 0}
    - target: {fileID: 4657497382128574, guid: cdbec52167efb6a48b63cebb3284c246, type: 3}
      propertyPath: m_LocalPosition.z
      value: -18.93
      objectReference: {fileID: 0}
    - target: {fileID: 4657497382128574, guid: cdbec52167efb6a48b63cebb3284c246, type: 3}
      propertyPath: m_LocalRotation.w
      value: 1
      objectReference: {fileID: 0}
    - target: {fileID: 4657497382128574, guid: cdbec52167efb6a48b63cebb3284c246, type: 3}
      propertyPath: m_LocalRotation.x
      value: 0.000000021855694
      objectReference: {fileID: 0}
    - target: {fileID: 4657497382128574, guid: cdbec52167efb6a48b63cebb3284c246, type: 3}
      propertyPath: m_LocalRotation.y
      value: 0
      objectReference: {fileID: 0}
    - target: {fileID: 4657497382128574, guid: cdbec52167efb6a48b63cebb3284c246, type: 3}
      propertyPath: m_LocalRotation.z
      value: -0
      objectReference: {fileID: 0}
    - target: {fileID: 4657497382128574, guid: cdbec52167efb6a48b63cebb3284c246, type: 3}
      propertyPath: m_LocalEulerAnglesHint.x
      value: 0
      objectReference: {fileID: 0}
    - target: {fileID: 4657497382128574, guid: cdbec52167efb6a48b63cebb3284c246, type: 3}
      propertyPath: m_LocalEulerAnglesHint.y
      value: 0
      objectReference: {fileID: 0}
    - target: {fileID: 4657497382128574, guid: cdbec52167efb6a48b63cebb3284c246, type: 3}
      propertyPath: m_LocalEulerAnglesHint.z
      value: 0
      objectReference: {fileID: 0}
    m_RemovedComponents: []
  m_SourcePrefab: {fileID: 100100000, guid: cdbec52167efb6a48b63cebb3284c246, type: 3}
--- !u!1 &1586311744539764908 stripped
GameObject:
  m_CorrespondingSourceObject: {fileID: 1152354105411914, guid: cdbec52167efb6a48b63cebb3284c246, type: 3}
  m_PrefabInstance: {fileID: 1587428914270659046}
  m_PrefabAsset: {fileID: 0}
--- !u!4 &1591782601872927320 stripped
Transform:
  m_CorrespondingSourceObject: {fileID: 4657497382128574, guid: cdbec52167efb6a48b63cebb3284c246, type: 3}
  m_PrefabInstance: {fileID: 1587428914270659046}
  m_PrefabAsset: {fileID: 0}
