%YAML 1.1
%TAG !u! tag:unity3d.com,2011:
--- !u!29 &1
OcclusionCullingSettings:
  m_ObjectHideFlags: 0
  serializedVersion: 2
  m_OcclusionBakeSettings:
    smallestOccluder: 5
    smallestHole: 0.25
    backfaceThreshold: 100
  m_SceneGUID: 00000000000000000000000000000000
  m_OcclusionCullingData: {fileID: 0}
--- !u!104 &2
RenderSettings:
  m_ObjectHideFlags: 0
  serializedVersion: 9
  m_Fog: 0
  m_FogColor: {r: 0.5, g: 0.5, b: 0.5, a: 1}
  m_FogMode: 3
  m_FogDensity: 0.01
  m_LinearFogStart: 0
  m_LinearFogEnd: 300
  m_AmbientSkyColor: {r: 0.212, g: 0.227, b: 0.259, a: 1}
  m_AmbientEquatorColor: {r: 0.114, g: 0.125, b: 0.133, a: 1}
  m_AmbientGroundColor: {r: 0.047, g: 0.043, b: 0.035, a: 1}
  m_AmbientIntensity: 1
  m_AmbientMode: 0
  m_SubtractiveShadowColor: {r: 0.42, g: 0.478, b: 0.627, a: 1}
  m_SkyboxMaterial: {fileID: 2100000, guid: 9f69d571a9cb54943b5a80ccd6b19e96, type: 2}
  m_HaloStrength: 0.5
  m_FlareStrength: 1
  m_FlareFadeSpeed: 3
  m_HaloTexture: {fileID: 0}
  m_SpotCookie: {fileID: 10001, guid: 0000000000000000e000000000000000, type: 0}
  m_DefaultReflectionMode: 0
  m_DefaultReflectionResolution: 128
  m_ReflectionBounces: 1
  m_ReflectionIntensity: 1
  m_CustomReflection: {fileID: 0}
  m_Sun: {fileID: 705507994}
  m_IndirectSpecularColor: {r: 0.19592407, g: 0.09793534, b: 0.12011028, a: 1}
  m_UseRadianceAmbientProbe: 0
--- !u!157 &3
LightmapSettings:
  m_ObjectHideFlags: 0
  serializedVersion: 12
  m_GIWorkflowMode: 1
  m_GISettings:
    serializedVersion: 2
    m_BounceScale: 1
    m_IndirectOutputScale: 1
    m_AlbedoBoost: 1
    m_EnvironmentLightingMode: 0
    m_EnableBakedLightmaps: 1
    m_EnableRealtimeLightmaps: 0
  m_LightmapEditorSettings:
    serializedVersion: 12
    m_Resolution: 2
    m_BakeResolution: 40
    m_AtlasSize: 1024
    m_AO: 0
    m_AOMaxDistance: 1
    m_CompAOExponent: 1
    m_CompAOExponentDirect: 0
    m_ExtractAmbientOcclusion: 0
    m_Padding: 2
    m_LightmapParameters: {fileID: 0}
    m_LightmapsBakeMode: 1
    m_TextureCompression: 1
    m_FinalGather: 0
    m_FinalGatherFiltering: 1
    m_FinalGatherRayCount: 256
    m_ReflectionCompression: 2
    m_MixedBakeMode: 2
    m_BakeBackend: 1
    m_PVRSampling: 1
    m_PVRDirectSampleCount: 32
    m_PVRSampleCount: 500
    m_PVRBounces: 2
    m_PVREnvironmentSampleCount: 500
    m_PVREnvironmentReferencePointCount: 2048
    m_PVRFilteringMode: 2
    m_PVRDenoiserTypeDirect: 0
    m_PVRDenoiserTypeIndirect: 0
    m_PVRDenoiserTypeAO: 0
    m_PVRFilterTypeDirect: 0
    m_PVRFilterTypeIndirect: 0
    m_PVRFilterTypeAO: 0
    m_PVREnvironmentMIS: 0
    m_PVRCulling: 1
    m_PVRFilteringGaussRadiusDirect: 1
    m_PVRFilteringGaussRadiusIndirect: 5
    m_PVRFilteringGaussRadiusAO: 2
    m_PVRFilteringAtrousPositionSigmaDirect: 0.5
    m_PVRFilteringAtrousPositionSigmaIndirect: 2
    m_PVRFilteringAtrousPositionSigmaAO: 1
    m_ExportTrainingData: 0
    m_TrainingDataDestination: TrainingData
    m_LightProbeSampleCountMultiplier: 4
  m_LightingDataAsset: {fileID: 112000000, guid: 1a228e048d2ead44f8af2a62b4d0924b, type: 2}
  m_LightingSettings: {fileID: 4890085278179872738, guid: 11a11b24c69847a4f89a15540c0cb52f, type: 2}
--- !u!196 &4
NavMeshSettings:
  serializedVersion: 2
  m_ObjectHideFlags: 0
  m_BuildSettings:
    serializedVersion: 2
    agentTypeID: 0
    agentRadius: 0.5
    agentHeight: 2
    agentSlope: 45
    agentClimb: 0.4
    ledgeDropHeight: 0
    maxJumpAcrossDistance: 0
    minRegionArea: 2
    manualCellSize: 0
    cellSize: 0.16666667
    manualTileSize: 0
    tileSize: 256
    accuratePlacement: 0
    maxJobWorkers: 0
    preserveTilesOutsideBounds: 0
    debug:
      m_Flags: 0
  m_NavMeshData: {fileID: 0}
--- !u!4 &936171 stripped
Transform:
  m_CorrespondingSourceObject: {fileID: 7968998137250995412, guid: 795ac2446a264e8428199566423a9f7c, type: 3}
  m_PrefabInstance: {fileID: 645322305}
  m_PrefabAsset: {fileID: 0}
--- !u!1001 &14655582
PrefabInstance:
  m_ObjectHideFlags: 0
  serializedVersion: 2
  m_Modification:
    m_TransformParent: {fileID: 1192720943}
    m_Modifications:
    - target: {fileID: 7968998137250995412, guid: 795ac2446a264e8428199566423a9f7c, type: 3}
      propertyPath: m_RootOrder
      value: 0
      objectReference: {fileID: 0}
    - target: {fileID: 7968998137250995412, guid: 795ac2446a264e8428199566423a9f7c, type: 3}
      propertyPath: m_LocalPosition.x
      value: 0
      objectReference: {fileID: 0}
    - target: {fileID: 7968998137250995412, guid: 795ac2446a264e8428199566423a9f7c, type: 3}
      propertyPath: m_LocalPosition.y
      value: 0
      objectReference: {fileID: 0}
    - target: {fileID: 7968998137250995412, guid: 795ac2446a264e8428199566423a9f7c, type: 3}
      propertyPath: m_LocalPosition.z
      value: 41
      objectReference: {fileID: 0}
    - target: {fileID: 7968998137250995412, guid: 795ac2446a264e8428199566423a9f7c, type: 3}
      propertyPath: m_LocalRotation.w
      value: 1
      objectReference: {fileID: 0}
    - target: {fileID: 7968998137250995412, guid: 795ac2446a264e8428199566423a9f7c, type: 3}
      propertyPath: m_LocalRotation.x
      value: -0
      objectReference: {fileID: 0}
    - target: {fileID: 7968998137250995412, guid: 795ac2446a264e8428199566423a9f7c, type: 3}
      propertyPath: m_LocalRotation.y
      value: -0
      objectReference: {fileID: 0}
    - target: {fileID: 7968998137250995412, guid: 795ac2446a264e8428199566423a9f7c, type: 3}
      propertyPath: m_LocalRotation.z
      value: -0
      objectReference: {fileID: 0}
    - target: {fileID: 7968998137250995412, guid: 795ac2446a264e8428199566423a9f7c, type: 3}
      propertyPath: m_LocalEulerAnglesHint.x
      value: 0
      objectReference: {fileID: 0}
    - target: {fileID: 7968998137250995412, guid: 795ac2446a264e8428199566423a9f7c, type: 3}
      propertyPath: m_LocalEulerAnglesHint.y
      value: 0
      objectReference: {fileID: 0}
    - target: {fileID: 7968998137250995412, guid: 795ac2446a264e8428199566423a9f7c, type: 3}
      propertyPath: m_LocalEulerAnglesHint.z
      value: 0
      objectReference: {fileID: 0}
    - target: {fileID: 7968998137250995415, guid: 795ac2446a264e8428199566423a9f7c, type: 3}
      propertyPath: m_Name
      value: Enviorment (1)
      objectReference: {fileID: 0}
    m_RemovedComponents: []
  m_SourcePrefab: {fileID: 100100000, guid: 795ac2446a264e8428199566423a9f7c, type: 3}
--- !u!1 &30447022
GameObject:
  m_ObjectHideFlags: 0
  m_CorrespondingSourceObject: {fileID: 0}
  m_PrefabInstance: {fileID: 0}
  m_PrefabAsset: {fileID: 0}
  serializedVersion: 6
  m_Component:
  - component: {fileID: 30447025}
  - component: {fileID: 30447024}
  - component: {fileID: 30447023}
  m_Layer: 0
  m_Name: EventSystem
  m_TagString: Untagged
  m_Icon: {fileID: 0}
  m_NavMeshLayer: 0
  m_StaticEditorFlags: 0
  m_IsActive: 1
--- !u!114 &30447023
MonoBehaviour:
  m_ObjectHideFlags: 0
  m_CorrespondingSourceObject: {fileID: 0}
  m_PrefabInstance: {fileID: 0}
  m_PrefabAsset: {fileID: 0}
  m_GameObject: {fileID: 30447022}
  m_Enabled: 1
  m_EditorHideFlags: 0
  m_Script: {fileID: 11500000, guid: 4f231c4fb786f3946a6b90b886c48677, type: 3}
  m_Name: 
  m_EditorClassIdentifier: 
  m_HorizontalAxis: Horizontal
  m_VerticalAxis: Vertical
  m_SubmitButton: Submit
  m_CancelButton: Cancel
  m_InputActionsPerSecond: 10
  m_RepeatDelay: 0.5
  m_ForceModuleActive: 0
--- !u!114 &30447024
MonoBehaviour:
  m_ObjectHideFlags: 0
  m_CorrespondingSourceObject: {fileID: 0}
  m_PrefabInstance: {fileID: 0}
  m_PrefabAsset: {fileID: 0}
  m_GameObject: {fileID: 30447022}
  m_Enabled: 1
  m_EditorHideFlags: 0
  m_Script: {fileID: 11500000, guid: 76c392e42b5098c458856cdf6ecaaaa1, type: 3}
  m_Name: 
  m_EditorClassIdentifier: 
  m_FirstSelected: {fileID: 0}
  m_sendNavigationEvents: 1
  m_DragThreshold: 10
--- !u!4 &30447025
Transform:
  m_ObjectHideFlags: 0
  m_CorrespondingSourceObject: {fileID: 0}
  m_PrefabInstance: {fileID: 0}
  m_PrefabAsset: {fileID: 0}
  m_GameObject: {fileID: 30447022}
  m_LocalRotation: {x: 0, y: 0, z: 0, w: 1}
  m_LocalPosition: {x: 0, y: 0, z: 0}
  m_LocalScale: {x: 1, y: 1, z: 1}
  m_Children: []
  m_Father: {fileID: 0}
  m_RootOrder: 5
  m_LocalEulerAnglesHint: {x: 0, y: 0, z: 0}
--- !u!4 &39504313 stripped
Transform:
  m_CorrespondingSourceObject: {fileID: 7968998137250995412, guid: 795ac2446a264e8428199566423a9f7c, type: 3}
  m_PrefabInstance: {fileID: 538866854}
  m_PrefabAsset: {fileID: 0}
--- !u!1001 &138904830
PrefabInstance:
  m_ObjectHideFlags: 0
  serializedVersion: 2
  m_Modification:
    m_TransformParent: {fileID: 1192720943}
    m_Modifications:
    - target: {fileID: 7968998137250995412, guid: 795ac2446a264e8428199566423a9f7c, type: 3}
      propertyPath: m_RootOrder
      value: 8
      objectReference: {fileID: 0}
    - target: {fileID: 7968998137250995412, guid: 795ac2446a264e8428199566423a9f7c, type: 3}
      propertyPath: m_LocalPosition.x
      value: 82
      objectReference: {fileID: 0}
    - target: {fileID: 7968998137250995412, guid: 795ac2446a264e8428199566423a9f7c, type: 3}
      propertyPath: m_LocalPosition.y
      value: 0
      objectReference: {fileID: 0}
    - target: {fileID: 7968998137250995412, guid: 795ac2446a264e8428199566423a9f7c, type: 3}
      propertyPath: m_LocalPosition.z
      value: 41
      objectReference: {fileID: 0}
    - target: {fileID: 7968998137250995412, guid: 795ac2446a264e8428199566423a9f7c, type: 3}
      propertyPath: m_LocalRotation.w
      value: 1
      objectReference: {fileID: 0}
    - target: {fileID: 7968998137250995412, guid: 795ac2446a264e8428199566423a9f7c, type: 3}
      propertyPath: m_LocalRotation.x
      value: -0
      objectReference: {fileID: 0}
    - target: {fileID: 7968998137250995412, guid: 795ac2446a264e8428199566423a9f7c, type: 3}
      propertyPath: m_LocalRotation.y
      value: -0
      objectReference: {fileID: 0}
    - target: {fileID: 7968998137250995412, guid: 795ac2446a264e8428199566423a9f7c, type: 3}
      propertyPath: m_LocalRotation.z
      value: -0
      objectReference: {fileID: 0}
    - target: {fileID: 7968998137250995412, guid: 795ac2446a264e8428199566423a9f7c, type: 3}
      propertyPath: m_LocalEulerAnglesHint.x
      value: 0
      objectReference: {fileID: 0}
    - target: {fileID: 7968998137250995412, guid: 795ac2446a264e8428199566423a9f7c, type: 3}
      propertyPath: m_LocalEulerAnglesHint.y
      value: 0
      objectReference: {fileID: 0}
    - target: {fileID: 7968998137250995412, guid: 795ac2446a264e8428199566423a9f7c, type: 3}
      propertyPath: m_LocalEulerAnglesHint.z
      value: 0
      objectReference: {fileID: 0}
    - target: {fileID: 7968998137250995415, guid: 795ac2446a264e8428199566423a9f7c, type: 3}
      propertyPath: m_Name
      value: Enviorment (10)
      objectReference: {fileID: 0}
    m_RemovedComponents: []
  m_SourcePrefab: {fileID: 100100000, guid: 795ac2446a264e8428199566423a9f7c, type: 3}
--- !u!1001 &160923886
PrefabInstance:
  m_ObjectHideFlags: 0
  serializedVersion: 2
  m_Modification:
    m_TransformParent: {fileID: 1192720943}
    m_Modifications:
    - target: {fileID: 7968998137250995412, guid: 795ac2446a264e8428199566423a9f7c, type: 3}
      propertyPath: m_RootOrder
      value: 17
      objectReference: {fileID: 0}
    - target: {fileID: 7968998137250995412, guid: 795ac2446a264e8428199566423a9f7c, type: 3}
      propertyPath: m_LocalPosition.x
      value: -82
      objectReference: {fileID: 0}
    - target: {fileID: 7968998137250995412, guid: 795ac2446a264e8428199566423a9f7c, type: 3}
      propertyPath: m_LocalPosition.y
      value: 0
      objectReference: {fileID: 0}
    - target: {fileID: 7968998137250995412, guid: 795ac2446a264e8428199566423a9f7c, type: 3}
      propertyPath: m_LocalPosition.z
      value: 82
      objectReference: {fileID: 0}
    - target: {fileID: 7968998137250995412, guid: 795ac2446a264e8428199566423a9f7c, type: 3}
      propertyPath: m_LocalRotation.w
      value: 1
      objectReference: {fileID: 0}
    - target: {fileID: 7968998137250995412, guid: 795ac2446a264e8428199566423a9f7c, type: 3}
      propertyPath: m_LocalRotation.x
      value: -0
      objectReference: {fileID: 0}
    - target: {fileID: 7968998137250995412, guid: 795ac2446a264e8428199566423a9f7c, type: 3}
      propertyPath: m_LocalRotation.y
      value: -0
      objectReference: {fileID: 0}
    - target: {fileID: 7968998137250995412, guid: 795ac2446a264e8428199566423a9f7c, type: 3}
      propertyPath: m_LocalRotation.z
      value: -0
      objectReference: {fileID: 0}
    - target: {fileID: 7968998137250995412, guid: 795ac2446a264e8428199566423a9f7c, type: 3}
      propertyPath: m_LocalEulerAnglesHint.x
      value: 0
      objectReference: {fileID: 0}
    - target: {fileID: 7968998137250995412, guid: 795ac2446a264e8428199566423a9f7c, type: 3}
      propertyPath: m_LocalEulerAnglesHint.y
      value: 0
      objectReference: {fileID: 0}
    - target: {fileID: 7968998137250995412, guid: 795ac2446a264e8428199566423a9f7c, type: 3}
      propertyPath: m_LocalEulerAnglesHint.z
      value: 0
      objectReference: {fileID: 0}
    - target: {fileID: 7968998137250995415, guid: 795ac2446a264e8428199566423a9f7c, type: 3}
      propertyPath: m_Name
      value: Enviorment (19)
      objectReference: {fileID: 0}
    m_RemovedComponents: []
  m_SourcePrefab: {fileID: 100100000, guid: 795ac2446a264e8428199566423a9f7c, type: 3}
--- !u!4 &244044146 stripped
Transform:
  m_CorrespondingSourceObject: {fileID: 7968998137250995412, guid: 795ac2446a264e8428199566423a9f7c, type: 3}
  m_PrefabInstance: {fileID: 1473123306}
  m_PrefabAsset: {fileID: 0}
--- !u!4 &437670241 stripped
Transform:
  m_CorrespondingSourceObject: {fileID: 7968998137250995412, guid: 795ac2446a264e8428199566423a9f7c, type: 3}
  m_PrefabInstance: {fileID: 2111629880}
  m_PrefabAsset: {fileID: 0}
--- !u!1 &472934127
GameObject:
  m_ObjectHideFlags: 0
  m_CorrespondingSourceObject: {fileID: 0}
  m_PrefabInstance: {fileID: 0}
  m_PrefabAsset: {fileID: 0}
  serializedVersion: 6
  m_Component:
  - component: {fileID: 472934130}
  - component: {fileID: 472934129}
  - component: {fileID: 472934128}
  m_Layer: 5
  m_Name: Rate
  m_TagString: Untagged
  m_Icon: {fileID: 0}
  m_NavMeshLayer: 0
  m_StaticEditorFlags: 0
  m_IsActive: 1
--- !u!114 &472934128
MonoBehaviour:
  m_ObjectHideFlags: 0
  m_CorrespondingSourceObject: {fileID: 0}
  m_PrefabInstance: {fileID: 0}
  m_PrefabAsset: {fileID: 0}
  m_GameObject: {fileID: 472934127}
  m_Enabled: 1
  m_EditorHideFlags: 0
  m_Script: {fileID: 11500000, guid: f4688fdb7df04437aeb418b961361dc5, type: 3}
  m_Name: 
  m_EditorClassIdentifier: 
  m_Material: {fileID: 0}
  m_Color: {r: 1, g: 1, b: 1, a: 1}
  m_RaycastTarget: 1
  m_RaycastPadding: {x: 0, y: 0, z: 0, w: 0}
  m_Maskable: 1
  m_OnCullStateChanged:
    m_PersistentCalls:
      m_Calls: []
  m_text: New Text
  m_isRightToLeft: 0
  m_fontAsset: {fileID: 11400000, guid: 8f586378b4e144a9851e7b34d9b748ee, type: 2}
  m_sharedMaterial: {fileID: 2180264, guid: 8f586378b4e144a9851e7b34d9b748ee, type: 2}
  m_fontSharedMaterials: []
  m_fontMaterial: {fileID: 0}
  m_fontMaterials: []
  m_fontColor32:
    serializedVersion: 2
    rgba: 4294931276
  m_fontColor: {r: 0.2971698, g: 0.45212677, b: 1, a: 1}
  m_enableVertexGradient: 0
  m_colorMode: 3
  m_fontColorGradient:
    topLeft: {r: 1, g: 1, b: 1, a: 1}
    topRight: {r: 1, g: 1, b: 1, a: 1}
    bottomLeft: {r: 1, g: 1, b: 1, a: 1}
    bottomRight: {r: 1, g: 1, b: 1, a: 1}
  m_fontColorGradientPreset: {fileID: 0}
  m_spriteAsset: {fileID: 0}
  m_tintAllSprites: 0
  m_StyleSheet: {fileID: 0}
  m_TextStyleHashCode: -1183493901
  m_overrideHtmlColors: 0
  m_faceColor:
    serializedVersion: 2
    rgba: 4294967295
  m_fontSize: 90.5
  m_fontSizeBase: 37.49
  m_fontWeight: 400
  m_enableAutoSizing: 1
  m_fontSizeMin: 18
  m_fontSizeMax: 105.8
  m_fontStyle: 0
  m_HorizontalAlignment: 1
  m_VerticalAlignment: 256
  m_textAlignment: 65535
  m_characterSpacing: 0
  m_wordSpacing: 0
  m_lineSpacing: 0
  m_lineSpacingMax: 0
  m_paragraphSpacing: 0
  m_charWidthMaxAdj: 0
  m_enableWordWrapping: 1
  m_wordWrappingRatios: 0.4
  m_overflowMode: 0
  m_linkedTextComponent: {fileID: 0}
  parentLinkedComponent: {fileID: 0}
  m_enableKerning: 1
  m_enableExtraPadding: 0
  checkPaddingRequired: 0
  m_isRichText: 1
  m_parseCtrlCharacters: 1
  m_isOrthographic: 1
  m_isCullingEnabled: 0
  m_horizontalMapping: 0
  m_verticalMapping: 0
  m_uvLineOffset: 0
  m_geometrySortingOrder: 0
  m_IsTextObjectScaleStatic: 0
  m_VertexBufferAutoSizeReduction: 0
  m_useMaxVisibleDescender: 1
  m_pageToDisplay: 1
  m_margin: {x: 0, y: 0, z: 0, w: 0}
  m_isUsingLegacyAnimationComponent: 0
  m_isVolumetricText: 0
  m_hasFontAssetChanged: 0
  m_baseMaterial: {fileID: 0}
  m_maskOffset: {x: 0, y: 0, z: 0, w: 0}
--- !u!222 &472934129
CanvasRenderer:
  m_ObjectHideFlags: 0
  m_CorrespondingSourceObject: {fileID: 0}
  m_PrefabInstance: {fileID: 0}
  m_PrefabAsset: {fileID: 0}
  m_GameObject: {fileID: 472934127}
  m_CullTransparentMesh: 1
--- !u!224 &472934130
RectTransform:
  m_ObjectHideFlags: 0
  m_CorrespondingSourceObject: {fileID: 0}
  m_PrefabInstance: {fileID: 0}
  m_PrefabAsset: {fileID: 0}
  m_GameObject: {fileID: 472934127}
  m_LocalRotation: {x: 0, y: 0, z: 0, w: 1}
  m_LocalPosition: {x: 0, y: 0, z: 0}
  m_LocalScale: {x: 1, y: 1, z: 1}
  m_Children: []
  m_Father: {fileID: 2022684863}
  m_RootOrder: 4
  m_LocalEulerAnglesHint: {x: 0, y: 0, z: 0}
  m_AnchorMin: {x: 1, y: 0}
  m_AnchorMax: {x: 1, y: 0}
  m_AnchoredPosition: {x: 0, y: 0}
  m_SizeDelta: {x: 369.30005, y: 132.62299}
  m_Pivot: {x: 1, y: 0}
--- !u!4 &499834837 stripped
Transform:
  m_CorrespondingSourceObject: {fileID: 7968998137250995412, guid: 795ac2446a264e8428199566423a9f7c, type: 3}
  m_PrefabInstance: {fileID: 1045748750}
  m_PrefabAsset: {fileID: 0}
--- !u!1001 &538866854
PrefabInstance:
  m_ObjectHideFlags: 0
  serializedVersion: 2
  m_Modification:
    m_TransformParent: {fileID: 1192720943}
    m_Modifications:
    - target: {fileID: 7968998137250995412, guid: 795ac2446a264e8428199566423a9f7c, type: 3}
      propertyPath: m_RootOrder
      value: 2
      objectReference: {fileID: 0}
    - target: {fileID: 7968998137250995412, guid: 795ac2446a264e8428199566423a9f7c, type: 3}
      propertyPath: m_LocalPosition.x
      value: 0
      objectReference: {fileID: 0}
    - target: {fileID: 7968998137250995412, guid: 795ac2446a264e8428199566423a9f7c, type: 3}
      propertyPath: m_LocalPosition.y
      value: 0
      objectReference: {fileID: 0}
    - target: {fileID: 7968998137250995412, guid: 795ac2446a264e8428199566423a9f7c, type: 3}
      propertyPath: m_LocalPosition.z
      value: 123
      objectReference: {fileID: 0}
    - target: {fileID: 7968998137250995412, guid: 795ac2446a264e8428199566423a9f7c, type: 3}
      propertyPath: m_LocalRotation.w
      value: 1
      objectReference: {fileID: 0}
    - target: {fileID: 7968998137250995412, guid: 795ac2446a264e8428199566423a9f7c, type: 3}
      propertyPath: m_LocalRotation.x
      value: -0
      objectReference: {fileID: 0}
    - target: {fileID: 7968998137250995412, guid: 795ac2446a264e8428199566423a9f7c, type: 3}
      propertyPath: m_LocalRotation.y
      value: -0
      objectReference: {fileID: 0}
    - target: {fileID: 7968998137250995412, guid: 795ac2446a264e8428199566423a9f7c, type: 3}
      propertyPath: m_LocalRotation.z
      value: -0
      objectReference: {fileID: 0}
    - target: {fileID: 7968998137250995412, guid: 795ac2446a264e8428199566423a9f7c, type: 3}
      propertyPath: m_LocalEulerAnglesHint.x
      value: 0
      objectReference: {fileID: 0}
    - target: {fileID: 7968998137250995412, guid: 795ac2446a264e8428199566423a9f7c, type: 3}
      propertyPath: m_LocalEulerAnglesHint.y
      value: 0
      objectReference: {fileID: 0}
    - target: {fileID: 7968998137250995412, guid: 795ac2446a264e8428199566423a9f7c, type: 3}
      propertyPath: m_LocalEulerAnglesHint.z
      value: 0
      objectReference: {fileID: 0}
    - target: {fileID: 7968998137250995415, guid: 795ac2446a264e8428199566423a9f7c, type: 3}
      propertyPath: m_Name
      value: Enviorment (3)
      objectReference: {fileID: 0}
    m_RemovedComponents: []
  m_SourcePrefab: {fileID: 100100000, guid: 795ac2446a264e8428199566423a9f7c, type: 3}
--- !u!1001 &543469308
PrefabInstance:
  m_ObjectHideFlags: 0
  serializedVersion: 2
  m_Modification:
    m_TransformParent: {fileID: 1192720943}
    m_Modifications:
    - target: {fileID: 7968998137250995412, guid: 795ac2446a264e8428199566423a9f7c, type: 3}
      propertyPath: m_RootOrder
      value: 3
      objectReference: {fileID: 0}
    - target: {fileID: 7968998137250995412, guid: 795ac2446a264e8428199566423a9f7c, type: 3}
      propertyPath: m_LocalPosition.x
      value: 41
      objectReference: {fileID: 0}
    - target: {fileID: 7968998137250995412, guid: 795ac2446a264e8428199566423a9f7c, type: 3}
      propertyPath: m_LocalPosition.y
      value: 0
      objectReference: {fileID: 0}
    - target: {fileID: 7968998137250995412, guid: 795ac2446a264e8428199566423a9f7c, type: 3}
      propertyPath: m_LocalPosition.z
      value: 0
      objectReference: {fileID: 0}
    - target: {fileID: 7968998137250995412, guid: 795ac2446a264e8428199566423a9f7c, type: 3}
      propertyPath: m_LocalRotation.w
      value: 1
      objectReference: {fileID: 0}
    - target: {fileID: 7968998137250995412, guid: 795ac2446a264e8428199566423a9f7c, type: 3}
      propertyPath: m_LocalRotation.x
      value: -0
      objectReference: {fileID: 0}
    - target: {fileID: 7968998137250995412, guid: 795ac2446a264e8428199566423a9f7c, type: 3}
      propertyPath: m_LocalRotation.y
      value: -0
      objectReference: {fileID: 0}
    - target: {fileID: 7968998137250995412, guid: 795ac2446a264e8428199566423a9f7c, type: 3}
      propertyPath: m_LocalRotation.z
      value: -0
      objectReference: {fileID: 0}
    - target: {fileID: 7968998137250995412, guid: 795ac2446a264e8428199566423a9f7c, type: 3}
      propertyPath: m_LocalEulerAnglesHint.x
      value: 0
      objectReference: {fileID: 0}
    - target: {fileID: 7968998137250995412, guid: 795ac2446a264e8428199566423a9f7c, type: 3}
      propertyPath: m_LocalEulerAnglesHint.y
      value: 0
      objectReference: {fileID: 0}
    - target: {fileID: 7968998137250995412, guid: 795ac2446a264e8428199566423a9f7c, type: 3}
      propertyPath: m_LocalEulerAnglesHint.z
      value: 0
      objectReference: {fileID: 0}
    - target: {fileID: 7968998137250995415, guid: 795ac2446a264e8428199566423a9f7c, type: 3}
      propertyPath: m_Name
      value: Enviorment (5)
      objectReference: {fileID: 0}
    m_RemovedComponents: []
  m_SourcePrefab: {fileID: 100100000, guid: 795ac2446a264e8428199566423a9f7c, type: 3}
--- !u!4 &555749117 stripped
Transform:
  m_CorrespondingSourceObject: {fileID: 7968998138883847172, guid: 795ac2446a264e8428199566423a9f7c, type: 3}
  m_PrefabInstance: {fileID: 934369176}
  m_PrefabAsset: {fileID: 0}
--- !u!1 &556260453
GameObject:
  m_ObjectHideFlags: 0
  m_CorrespondingSourceObject: {fileID: 0}
  m_PrefabInstance: {fileID: 0}
  m_PrefabAsset: {fileID: 0}
  serializedVersion: 6
  m_Component:
  - component: {fileID: 556260454}
  - component: {fileID: 556260456}
  - component: {fileID: 556260455}
  m_Layer: 5
  m_Name: CurrentTime
  m_TagString: Untagged
  m_Icon: {fileID: 0}
  m_NavMeshLayer: 0
  m_StaticEditorFlags: 0
  m_IsActive: 1
--- !u!224 &556260454
RectTransform:
  m_ObjectHideFlags: 0
  m_CorrespondingSourceObject: {fileID: 0}
  m_PrefabInstance: {fileID: 0}
  m_PrefabAsset: {fileID: 0}
  m_GameObject: {fileID: 556260453}
  m_LocalRotation: {x: 0, y: 0, z: 0, w: 1}
  m_LocalPosition: {x: 0, y: 0, z: 0}
  m_LocalScale: {x: 1, y: 1, z: 1}
  m_Children: []
  m_Father: {fileID: 2022684863}
  m_RootOrder: 0
  m_LocalEulerAnglesHint: {x: 0, y: 0, z: 0}
  m_AnchorMin: {x: 0.5, y: 1}
  m_AnchorMax: {x: 0.5, y: 1}
  m_AnchoredPosition: {x: 0, y: 0}
  m_SizeDelta: {x: 369.3, y: 132.623}
  m_Pivot: {x: 0.5, y: 1}
--- !u!114 &556260455
MonoBehaviour:
  m_ObjectHideFlags: 0
  m_CorrespondingSourceObject: {fileID: 0}
  m_PrefabInstance: {fileID: 0}
  m_PrefabAsset: {fileID: 0}
  m_GameObject: {fileID: 556260453}
  m_Enabled: 1
  m_EditorHideFlags: 0
  m_Script: {fileID: 11500000, guid: f4688fdb7df04437aeb418b961361dc5, type: 3}
  m_Name: 
  m_EditorClassIdentifier: 
  m_Material: {fileID: 0}
  m_Color: {r: 1, g: 1, b: 1, a: 1}
  m_RaycastTarget: 1
  m_RaycastPadding: {x: 0, y: 0, z: 0, w: 0}
  m_Maskable: 1
  m_OnCullStateChanged:
    m_PersistentCalls:
      m_Calls: []
  m_text: New Text
  m_isRightToLeft: 0
  m_fontAsset: {fileID: 11400000, guid: 8f586378b4e144a9851e7b34d9b748ee, type: 2}
  m_sharedMaterial: {fileID: 2180264, guid: 8f586378b4e144a9851e7b34d9b748ee, type: 2}
  m_fontSharedMaterials: []
  m_fontMaterial: {fileID: 0}
  m_fontMaterials: []
  m_fontColor32:
    serializedVersion: 2
    rgba: 4294967295
  m_fontColor: {r: 1, g: 1, b: 1, a: 1}
  m_enableVertexGradient: 0
  m_colorMode: 3
  m_fontColorGradient:
    topLeft: {r: 1, g: 1, b: 1, a: 1}
    topRight: {r: 1, g: 1, b: 1, a: 1}
    bottomLeft: {r: 1, g: 1, b: 1, a: 1}
    bottomRight: {r: 1, g: 1, b: 1, a: 1}
  m_fontColorGradientPreset: {fileID: 0}
  m_spriteAsset: {fileID: 0}
  m_tintAllSprites: 0
  m_StyleSheet: {fileID: 0}
  m_TextStyleHashCode: -1183493901
  m_overrideHtmlColors: 0
  m_faceColor:
    serializedVersion: 2
    rgba: 4294967295
  m_fontSize: 90.5
  m_fontSizeBase: 37.49
  m_fontWeight: 400
  m_enableAutoSizing: 1
  m_fontSizeMin: 18
  m_fontSizeMax: 105.8
  m_fontStyle: 0
  m_HorizontalAlignment: 1
  m_VerticalAlignment: 256
  m_textAlignment: 65535
  m_characterSpacing: 0
  m_wordSpacing: 0
  m_lineSpacing: 0
  m_lineSpacingMax: 0
  m_paragraphSpacing: 0
  m_charWidthMaxAdj: 0
  m_enableWordWrapping: 1
  m_wordWrappingRatios: 0.4
  m_overflowMode: 0
  m_linkedTextComponent: {fileID: 0}
  parentLinkedComponent: {fileID: 0}
  m_enableKerning: 1
  m_enableExtraPadding: 0
  checkPaddingRequired: 0
  m_isRichText: 1
  m_parseCtrlCharacters: 1
  m_isOrthographic: 1
  m_isCullingEnabled: 0
  m_horizontalMapping: 0
  m_verticalMapping: 0
  m_uvLineOffset: 0
  m_geometrySortingOrder: 0
  m_IsTextObjectScaleStatic: 0
  m_VertexBufferAutoSizeReduction: 0
  m_useMaxVisibleDescender: 1
  m_pageToDisplay: 1
  m_margin: {x: 0, y: 0, z: 0, w: 0}
  m_isUsingLegacyAnimationComponent: 0
  m_isVolumetricText: 0
  m_hasFontAssetChanged: 0
  m_baseMaterial: {fileID: 0}
  m_maskOffset: {x: 0, y: 0, z: 0, w: 0}
--- !u!222 &556260456
CanvasRenderer:
  m_ObjectHideFlags: 0
  m_CorrespondingSourceObject: {fileID: 0}
  m_PrefabInstance: {fileID: 0}
  m_PrefabAsset: {fileID: 0}
  m_GameObject: {fileID: 556260453}
  m_CullTransparentMesh: 1
--- !u!1001 &590463816
PrefabInstance:
  m_ObjectHideFlags: 0
  serializedVersion: 2
  m_Modification:
    m_TransformParent: {fileID: 1192720943}
    m_Modifications:
    - target: {fileID: 7968998137250995412, guid: 795ac2446a264e8428199566423a9f7c, type: 3}
      propertyPath: m_RootOrder
      value: 18
      objectReference: {fileID: 0}
    - target: {fileID: 7968998137250995412, guid: 795ac2446a264e8428199566423a9f7c, type: 3}
      propertyPath: m_LocalPosition.x
      value: -82
      objectReference: {fileID: 0}
    - target: {fileID: 7968998137250995412, guid: 795ac2446a264e8428199566423a9f7c, type: 3}
      propertyPath: m_LocalPosition.y
      value: 0
      objectReference: {fileID: 0}
    - target: {fileID: 7968998137250995412, guid: 795ac2446a264e8428199566423a9f7c, type: 3}
      propertyPath: m_LocalPosition.z
      value: 123
      objectReference: {fileID: 0}
    - target: {fileID: 7968998137250995412, guid: 795ac2446a264e8428199566423a9f7c, type: 3}
      propertyPath: m_LocalRotation.w
      value: 1
      objectReference: {fileID: 0}
    - target: {fileID: 7968998137250995412, guid: 795ac2446a264e8428199566423a9f7c, type: 3}
      propertyPath: m_LocalRotation.x
      value: -0
      objectReference: {fileID: 0}
    - target: {fileID: 7968998137250995412, guid: 795ac2446a264e8428199566423a9f7c, type: 3}
      propertyPath: m_LocalRotation.y
      value: -0
      objectReference: {fileID: 0}
    - target: {fileID: 7968998137250995412, guid: 795ac2446a264e8428199566423a9f7c, type: 3}
      propertyPath: m_LocalRotation.z
      value: -0
      objectReference: {fileID: 0}
    - target: {fileID: 7968998137250995412, guid: 795ac2446a264e8428199566423a9f7c, type: 3}
      propertyPath: m_LocalEulerAnglesHint.x
      value: 0
      objectReference: {fileID: 0}
    - target: {fileID: 7968998137250995412, guid: 795ac2446a264e8428199566423a9f7c, type: 3}
      propertyPath: m_LocalEulerAnglesHint.y
      value: 0
      objectReference: {fileID: 0}
    - target: {fileID: 7968998137250995412, guid: 795ac2446a264e8428199566423a9f7c, type: 3}
      propertyPath: m_LocalEulerAnglesHint.z
      value: 0
      objectReference: {fileID: 0}
    - target: {fileID: 7968998137250995415, guid: 795ac2446a264e8428199566423a9f7c, type: 3}
      propertyPath: m_Name
      value: Enviorment (16)
      objectReference: {fileID: 0}
    m_RemovedComponents: []
  m_SourcePrefab: {fileID: 100100000, guid: 795ac2446a264e8428199566423a9f7c, type: 3}
--- !u!1 &593582967
GameObject:
  m_ObjectHideFlags: 0
  m_CorrespondingSourceObject: {fileID: 0}
  m_PrefabInstance: {fileID: 0}
  m_PrefabAsset: {fileID: 0}
  serializedVersion: 6
  m_Component:
  - component: {fileID: 593582970}
  - component: {fileID: 593582969}
  - component: {fileID: 593582968}
  m_Layer: 0
  m_Name: Camera
  m_TagString: Untagged
  m_Icon: {fileID: 0}
  m_NavMeshLayer: 0
  m_StaticEditorFlags: 0
  m_IsActive: 0
--- !u!81 &593582968
AudioListener:
  m_ObjectHideFlags: 0
  m_CorrespondingSourceObject: {fileID: 0}
  m_PrefabInstance: {fileID: 0}
  m_PrefabAsset: {fileID: 0}
  m_GameObject: {fileID: 593582967}
  m_Enabled: 1
--- !u!20 &593582969
Camera:
  m_ObjectHideFlags: 0
  m_CorrespondingSourceObject: {fileID: 0}
  m_PrefabInstance: {fileID: 0}
  m_PrefabAsset: {fileID: 0}
  m_GameObject: {fileID: 593582967}
  m_Enabled: 1
  serializedVersion: 2
  m_ClearFlags: 1
  m_BackGroundColor: {r: 0.19215687, g: 0.3019608, b: 0.4745098, a: 0}
  m_projectionMatrixMode: 1
  m_GateFitMode: 2
  m_FOVAxisMode: 0
  m_SensorSize: {x: 36, y: 24}
  m_LensShift: {x: 0, y: 0}
  m_FocalLength: 50
  m_NormalizedViewPortRect:
    serializedVersion: 2
    x: 0
    y: 0
    width: 1
    height: 1
  near clip plane: 0.3
  far clip plane: 1000
  field of view: 60
  orthographic: 0
  orthographic size: 5
  m_Depth: 0
  m_CullingMask:
    serializedVersion: 2
    m_Bits: 4294967295
  m_RenderingPath: -1
  m_TargetTexture: {fileID: 0}
  m_TargetDisplay: 0
  m_TargetEye: 3
  m_HDR: 1
  m_AllowMSAA: 1
  m_AllowDynamicResolution: 0
  m_ForceIntoRT: 0
  m_OcclusionCulling: 1
  m_StereoConvergence: 10
  m_StereoSeparation: 0.022
--- !u!4 &593582970
Transform:
  m_ObjectHideFlags: 0
  m_CorrespondingSourceObject: {fileID: 0}
  m_PrefabInstance: {fileID: 0}
  m_PrefabAsset: {fileID: 0}
  m_GameObject: {fileID: 593582967}
  m_LocalRotation: {x: 0.5, y: 0, z: 0, w: 0.8660254}
  m_LocalPosition: {x: 0, y: 16.3, z: -9.4}
  m_LocalScale: {x: 1, y: 1, z: 1}
  m_Children: []
  m_Father: {fileID: 0}
  m_RootOrder: 1
  m_LocalEulerAnglesHint: {x: 60, y: 0, z: 0}
--- !u!1001 &645322305
PrefabInstance:
  m_ObjectHideFlags: 0
  serializedVersion: 2
  m_Modification:
    m_TransformParent: {fileID: 1192720943}
    m_Modifications:
    - target: {fileID: 7968998137250995412, guid: 795ac2446a264e8428199566423a9f7c, type: 3}
      propertyPath: m_RootOrder
      value: 14
      objectReference: {fileID: 0}
    - target: {fileID: 7968998137250995412, guid: 795ac2446a264e8428199566423a9f7c, type: 3}
      propertyPath: m_LocalPosition.x
      value: -41
      objectReference: {fileID: 0}
    - target: {fileID: 7968998137250995412, guid: 795ac2446a264e8428199566423a9f7c, type: 3}
      propertyPath: m_LocalPosition.y
      value: 0
      objectReference: {fileID: 0}
    - target: {fileID: 7968998137250995412, guid: 795ac2446a264e8428199566423a9f7c, type: 3}
      propertyPath: m_LocalPosition.z
      value: 123
      objectReference: {fileID: 0}
    - target: {fileID: 7968998137250995412, guid: 795ac2446a264e8428199566423a9f7c, type: 3}
      propertyPath: m_LocalRotation.w
      value: 1
      objectReference: {fileID: 0}
    - target: {fileID: 7968998137250995412, guid: 795ac2446a264e8428199566423a9f7c, type: 3}
      propertyPath: m_LocalRotation.x
      value: -0
      objectReference: {fileID: 0}
    - target: {fileID: 7968998137250995412, guid: 795ac2446a264e8428199566423a9f7c, type: 3}
      propertyPath: m_LocalRotation.y
      value: -0
      objectReference: {fileID: 0}
    - target: {fileID: 7968998137250995412, guid: 795ac2446a264e8428199566423a9f7c, type: 3}
      propertyPath: m_LocalRotation.z
      value: -0
      objectReference: {fileID: 0}
    - target: {fileID: 7968998137250995412, guid: 795ac2446a264e8428199566423a9f7c, type: 3}
      propertyPath: m_LocalEulerAnglesHint.x
      value: 0
      objectReference: {fileID: 0}
    - target: {fileID: 7968998137250995412, guid: 795ac2446a264e8428199566423a9f7c, type: 3}
      propertyPath: m_LocalEulerAnglesHint.y
      value: 0
      objectReference: {fileID: 0}
    - target: {fileID: 7968998137250995412, guid: 795ac2446a264e8428199566423a9f7c, type: 3}
      propertyPath: m_LocalEulerAnglesHint.z
      value: 0
      objectReference: {fileID: 0}
    - target: {fileID: 7968998137250995415, guid: 795ac2446a264e8428199566423a9f7c, type: 3}
      propertyPath: m_Name
      value: Enviorment (12)
      objectReference: {fileID: 0}
    m_RemovedComponents: []
  m_SourcePrefab: {fileID: 100100000, guid: 795ac2446a264e8428199566423a9f7c, type: 3}
--- !u!1001 &669877038
PrefabInstance:
  m_ObjectHideFlags: 0
  serializedVersion: 2
  m_Modification:
    m_TransformParent: {fileID: 1192720943}
    m_Modifications:
    - target: {fileID: 7968998137250995412, guid: 795ac2446a264e8428199566423a9f7c, type: 3}
      propertyPath: m_RootOrder
      value: 1
      objectReference: {fileID: 0}
    - target: {fileID: 7968998137250995412, guid: 795ac2446a264e8428199566423a9f7c, type: 3}
      propertyPath: m_LocalPosition.x
      value: 0
      objectReference: {fileID: 0}
    - target: {fileID: 7968998137250995412, guid: 795ac2446a264e8428199566423a9f7c, type: 3}
      propertyPath: m_LocalPosition.y
      value: 0
      objectReference: {fileID: 0}
    - target: {fileID: 7968998137250995412, guid: 795ac2446a264e8428199566423a9f7c, type: 3}
      propertyPath: m_LocalPosition.z
      value: 82
      objectReference: {fileID: 0}
    - target: {fileID: 7968998137250995412, guid: 795ac2446a264e8428199566423a9f7c, type: 3}
      propertyPath: m_LocalRotation.w
      value: 1
      objectReference: {fileID: 0}
    - target: {fileID: 7968998137250995412, guid: 795ac2446a264e8428199566423a9f7c, type: 3}
      propertyPath: m_LocalRotation.x
      value: -0
      objectReference: {fileID: 0}
    - target: {fileID: 7968998137250995412, guid: 795ac2446a264e8428199566423a9f7c, type: 3}
      propertyPath: m_LocalRotation.y
      value: -0
      objectReference: {fileID: 0}
    - target: {fileID: 7968998137250995412, guid: 795ac2446a264e8428199566423a9f7c, type: 3}
      propertyPath: m_LocalRotation.z
      value: -0
      objectReference: {fileID: 0}
    - target: {fileID: 7968998137250995412, guid: 795ac2446a264e8428199566423a9f7c, type: 3}
      propertyPath: m_LocalEulerAnglesHint.x
      value: 0
      objectReference: {fileID: 0}
    - target: {fileID: 7968998137250995412, guid: 795ac2446a264e8428199566423a9f7c, type: 3}
      propertyPath: m_LocalEulerAnglesHint.y
      value: 0
      objectReference: {fileID: 0}
    - target: {fileID: 7968998137250995412, guid: 795ac2446a264e8428199566423a9f7c, type: 3}
      propertyPath: m_LocalEulerAnglesHint.z
      value: 0
      objectReference: {fileID: 0}
    - target: {fileID: 7968998137250995415, guid: 795ac2446a264e8428199566423a9f7c, type: 3}
      propertyPath: m_Name
      value: Enviorment (2)
      objectReference: {fileID: 0}
    m_RemovedComponents: []
  m_SourcePrefab: {fileID: 100100000, guid: 795ac2446a264e8428199566423a9f7c, type: 3}
--- !u!4 &704631072 stripped
Transform:
  m_CorrespondingSourceObject: {fileID: 7968998137250995412, guid: 795ac2446a264e8428199566423a9f7c, type: 3}
  m_PrefabInstance: {fileID: 14655582}
  m_PrefabAsset: {fileID: 0}
--- !u!1 &705507993
GameObject:
  m_ObjectHideFlags: 0
  m_CorrespondingSourceObject: {fileID: 0}
  m_PrefabInstance: {fileID: 0}
  m_PrefabAsset: {fileID: 0}
  serializedVersion: 6
  m_Component:
  - component: {fileID: 705507995}
  - component: {fileID: 705507994}
  m_Layer: 0
  m_Name: Directional Light
  m_TagString: Untagged
  m_Icon: {fileID: 0}
  m_NavMeshLayer: 0
  m_StaticEditorFlags: 0
  m_IsActive: 1
--- !u!108 &705507994
Light:
  m_ObjectHideFlags: 0
  m_CorrespondingSourceObject: {fileID: 0}
  m_PrefabInstance: {fileID: 0}
  m_PrefabAsset: {fileID: 0}
  m_GameObject: {fileID: 705507993}
  m_Enabled: 1
  serializedVersion: 10
  m_Type: 1
  m_Shape: 0
  m_Color: {r: 1, g: 0.95686275, b: 0.8392157, a: 1}
  m_Intensity: 1
  m_Range: 10
  m_SpotAngle: 30
  m_InnerSpotAngle: 21.80208
  m_CookieSize: 10
  m_Shadows:
    m_Type: 2
    m_Resolution: -1
    m_CustomResolution: -1
    m_Strength: 1
    m_Bias: 0.05
    m_NormalBias: 0.4
    m_NearPlane: 0.2
    m_CullingMatrixOverride:
      e00: 1
      e01: 0
      e02: 0
      e03: 0
      e10: 0
      e11: 1
      e12: 0
      e13: 0
      e20: 0
      e21: 0
      e22: 1
      e23: 0
      e30: 0
      e31: 0
      e32: 0
      e33: 1
    m_UseCullingMatrixOverride: 0
  m_Cookie: {fileID: 0}
  m_DrawHalo: 0
  m_Flare: {fileID: 0}
  m_RenderMode: 0
  m_CullingMask:
    serializedVersion: 2
    m_Bits: 4294967295
  m_RenderingLayerMask: 1
  m_Lightmapping: 1
  m_LightShadowCasterMode: 0
  m_AreaSize: {x: 1, y: 1}
  m_BounceIntensity: 1
  m_ColorTemperature: 6570
  m_UseColorTemperature: 0
  m_BoundingSphereOverride: {x: 0, y: NaN, z: 0, w: 1.856501e+9}
  m_UseBoundingSphereOverride: 0
  m_UseViewFrustumForShadowCasterCull: 1
  m_ShadowRadius: 0
  m_ShadowAngle: 0
--- !u!4 &705507995
Transform:
  m_ObjectHideFlags: 0
  m_CorrespondingSourceObject: {fileID: 0}
  m_PrefabInstance: {fileID: 0}
  m_PrefabAsset: {fileID: 0}
  m_GameObject: {fileID: 705507993}
  m_LocalRotation: {x: 0.40821788, y: -0.23456968, z: 0.10938163, w: 0.8754261}
  m_LocalPosition: {x: 0, y: 3, z: -2.54}
  m_LocalScale: {x: 1, y: 1, z: 1}
  m_Children: []
  m_Father: {fileID: 0}
  m_RootOrder: 0
  m_LocalEulerAnglesHint: {x: 50, y: -30, z: 0}
--- !u!4 &789086279 stripped
Transform:
  m_CorrespondingSourceObject: {fileID: 7968998137250995412, guid: 795ac2446a264e8428199566423a9f7c, type: 3}
  m_PrefabInstance: {fileID: 2134669411}
  m_PrefabAsset: {fileID: 0}
--- !u!1001 &791884084
PrefabInstance:
  m_ObjectHideFlags: 0
  serializedVersion: 2
  m_Modification:
    m_TransformParent: {fileID: 1192720943}
    m_Modifications:
    - target: {fileID: 7968998137250995412, guid: 795ac2446a264e8428199566423a9f7c, type: 3}
      propertyPath: m_RootOrder
      value: 12
      objectReference: {fileID: 0}
    - target: {fileID: 7968998137250995412, guid: 795ac2446a264e8428199566423a9f7c, type: 3}
      propertyPath: m_LocalPosition.x
      value: -41
      objectReference: {fileID: 0}
    - target: {fileID: 7968998137250995412, guid: 795ac2446a264e8428199566423a9f7c, type: 3}
      propertyPath: m_LocalPosition.y
      value: 0
      objectReference: {fileID: 0}
    - target: {fileID: 7968998137250995412, guid: 795ac2446a264e8428199566423a9f7c, type: 3}
      propertyPath: m_LocalPosition.z
      value: 41
      objectReference: {fileID: 0}
    - target: {fileID: 7968998137250995412, guid: 795ac2446a264e8428199566423a9f7c, type: 3}
      propertyPath: m_LocalRotation.w
      value: 1
      objectReference: {fileID: 0}
    - target: {fileID: 7968998137250995412, guid: 795ac2446a264e8428199566423a9f7c, type: 3}
      propertyPath: m_LocalRotation.x
      value: -0
      objectReference: {fileID: 0}
    - target: {fileID: 7968998137250995412, guid: 795ac2446a264e8428199566423a9f7c, type: 3}
      propertyPath: m_LocalRotation.y
      value: -0
      objectReference: {fileID: 0}
    - target: {fileID: 7968998137250995412, guid: 795ac2446a264e8428199566423a9f7c, type: 3}
      propertyPath: m_LocalRotation.z
      value: -0
      objectReference: {fileID: 0}
    - target: {fileID: 7968998137250995412, guid: 795ac2446a264e8428199566423a9f7c, type: 3}
      propertyPath: m_LocalEulerAnglesHint.x
      value: 0
      objectReference: {fileID: 0}
    - target: {fileID: 7968998137250995412, guid: 795ac2446a264e8428199566423a9f7c, type: 3}
      propertyPath: m_LocalEulerAnglesHint.y
      value: 0
      objectReference: {fileID: 0}
    - target: {fileID: 7968998137250995412, guid: 795ac2446a264e8428199566423a9f7c, type: 3}
      propertyPath: m_LocalEulerAnglesHint.z
      value: 0
      objectReference: {fileID: 0}
    - target: {fileID: 7968998137250995415, guid: 795ac2446a264e8428199566423a9f7c, type: 3}
      propertyPath: m_Name
      value: Enviorment (14)
      objectReference: {fileID: 0}
    m_RemovedComponents: []
  m_SourcePrefab: {fileID: 100100000, guid: 795ac2446a264e8428199566423a9f7c, type: 3}
--- !u!1001 &934369176
PrefabInstance:
  m_ObjectHideFlags: 0
  serializedVersion: 2
  m_Modification:
    m_TransformParent: {fileID: 0}
    m_Modifications:
    - target: {fileID: 3128845168227560582, guid: 795ac2446a264e8428199566423a9f7c, type: 3}
      propertyPath: m_IsActive
      value: 1
      objectReference: {fileID: 0}
    - target: {fileID: 4558482399750107544, guid: 795ac2446a264e8428199566423a9f7c, type: 3}
      propertyPath: m_Model
      value: 
      objectReference: {fileID: 5022602860645237092, guid: ae3ebc33a1b9754468a29431587edfd0, type: 3}
    - target: {fileID: 4558482399750107544, guid: 795ac2446a264e8428199566423a9f7c, type: 3}
      propertyPath: m_BehaviorType
      value: 2
      objectReference: {fileID: 0}
    - target: {fileID: 5859954928750337752, guid: 795ac2446a264e8428199566423a9f7c, type: 3}
      propertyPath: shipSpawnradius
      value: 60
      objectReference: {fileID: 0}
    - target: {fileID: 7968998136981373159, guid: 795ac2446a264e8428199566423a9f7c, type: 3}
      propertyPath: m_IsActive
      value: 1
      objectReference: {fileID: 0}
    - target: {fileID: 7968998137206513801, guid: 795ac2446a264e8428199566423a9f7c, type: 3}
      propertyPath: m_Model
      value: 
      objectReference: {fileID: 5022602860645237092, guid: ae3ebc33a1b9754468a29431587edfd0, type: 3}
    - target: {fileID: 7968998137206513801, guid: 795ac2446a264e8428199566423a9f7c, type: 3}
      propertyPath: m_BehaviorType
      value: 2
      objectReference: {fileID: 0}
    - target: {fileID: 7968998137250995412, guid: 795ac2446a264e8428199566423a9f7c, type: 3}
      propertyPath: m_RootOrder
      value: 2
      objectReference: {fileID: 0}
    - target: {fileID: 7968998137250995412, guid: 795ac2446a264e8428199566423a9f7c, type: 3}
      propertyPath: m_LocalPosition.x
      value: 0
      objectReference: {fileID: 0}
    - target: {fileID: 7968998137250995412, guid: 795ac2446a264e8428199566423a9f7c, type: 3}
      propertyPath: m_LocalPosition.y
      value: 0
      objectReference: {fileID: 0}
    - target: {fileID: 7968998137250995412, guid: 795ac2446a264e8428199566423a9f7c, type: 3}
      propertyPath: m_LocalPosition.z
      value: 0
      objectReference: {fileID: 0}
    - target: {fileID: 7968998137250995412, guid: 795ac2446a264e8428199566423a9f7c, type: 3}
      propertyPath: m_LocalRotation.w
      value: 1
      objectReference: {fileID: 0}
    - target: {fileID: 7968998137250995412, guid: 795ac2446a264e8428199566423a9f7c, type: 3}
      propertyPath: m_LocalRotation.x
      value: 0
      objectReference: {fileID: 0}
    - target: {fileID: 7968998137250995412, guid: 795ac2446a264e8428199566423a9f7c, type: 3}
      propertyPath: m_LocalRotation.y
      value: 0
      objectReference: {fileID: 0}
    - target: {fileID: 7968998137250995412, guid: 795ac2446a264e8428199566423a9f7c, type: 3}
      propertyPath: m_LocalRotation.z
      value: 0
      objectReference: {fileID: 0}
    - target: {fileID: 7968998137250995412, guid: 795ac2446a264e8428199566423a9f7c, type: 3}
      propertyPath: m_LocalEulerAnglesHint.x
      value: 0
      objectReference: {fileID: 0}
    - target: {fileID: 7968998137250995412, guid: 795ac2446a264e8428199566423a9f7c, type: 3}
      propertyPath: m_LocalEulerAnglesHint.y
      value: 0
      objectReference: {fileID: 0}
    - target: {fileID: 7968998137250995412, guid: 795ac2446a264e8428199566423a9f7c, type: 3}
      propertyPath: m_LocalEulerAnglesHint.z
      value: 0
      objectReference: {fileID: 0}
    - target: {fileID: 7968998137250995415, guid: 795ac2446a264e8428199566423a9f7c, type: 3}
      propertyPath: m_Name
      value: Enviorment
      objectReference: {fileID: 0}
    - target: {fileID: 7968998138031792210, guid: 795ac2446a264e8428199566423a9f7c, type: 3}
      propertyPath: m_Size.x
      value: 275
      objectReference: {fileID: 0}
    - target: {fileID: 7968998138031792210, guid: 795ac2446a264e8428199566423a9f7c, type: 3}
      propertyPath: m_Size.y
      value: 275
      objectReference: {fileID: 0}
    - target: {fileID: 7968998138031792210, guid: 795ac2446a264e8428199566423a9f7c, type: 3}
      propertyPath: m_Size.z
      value: 275
      objectReference: {fileID: 0}
    - target: {fileID: 7968998138883847174, guid: 795ac2446a264e8428199566423a9f7c, type: 3}
      propertyPath: m_Materials.Array.data[0]
      value: 
      objectReference: {fileID: 2100000, guid: 06a0c9f417fa81e43836989f1dc6165b, type: 2}
    - target: {fileID: 8147838624404951018, guid: 795ac2446a264e8428199566423a9f7c, type: 3}
      propertyPath: m_Model
      value: 
      objectReference: {fileID: 0}
    - target: {fileID: 8147838624404951018, guid: 795ac2446a264e8428199566423a9f7c, type: 3}
      propertyPath: m_BehaviorType
      value: 1
      objectReference: {fileID: 0}
    m_RemovedComponents: []
  m_SourcePrefab: {fileID: 100100000, guid: 795ac2446a264e8428199566423a9f7c, type: 3}
--- !u!1 &934369177 stripped
GameObject:
  m_CorrespondingSourceObject: {fileID: 6364639300628666078, guid: 795ac2446a264e8428199566423a9f7c, type: 3}
  m_PrefabInstance: {fileID: 934369176}
  m_PrefabAsset: {fileID: 0}
--- !u!114 &934369178
MonoBehaviour:
  m_ObjectHideFlags: 0
  m_CorrespondingSourceObject: {fileID: 0}
  m_PrefabInstance: {fileID: 0}
  m_PrefabAsset: {fileID: 0}
  m_GameObject: {fileID: 934369177}
  m_Enabled: 1
  m_EditorHideFlags: 0
  m_Script: {fileID: 11500000, guid: f2902496c0120472b90269f94a0aec7e, type: 3}
  m_Name: 
  m_EditorClassIdentifier: 
  Record: 0
  NumStepsToRecord: 0
  DemonstrationName: Demo
  DemonstrationDirectory: Assets\Demo
--- !u!1001 &952502547
PrefabInstance:
  m_ObjectHideFlags: 0
  serializedVersion: 2
  m_Modification:
    m_TransformParent: {fileID: 1192720943}
    m_Modifications:
    - target: {fileID: 7968998137250995412, guid: 795ac2446a264e8428199566423a9f7c, type: 3}
      propertyPath: m_RootOrder
      value: 13
      objectReference: {fileID: 0}
    - target: {fileID: 7968998137250995412, guid: 795ac2446a264e8428199566423a9f7c, type: 3}
      propertyPath: m_LocalPosition.x
      value: -41
      objectReference: {fileID: 0}
    - target: {fileID: 7968998137250995412, guid: 795ac2446a264e8428199566423a9f7c, type: 3}
      propertyPath: m_LocalPosition.y
      value: 0
      objectReference: {fileID: 0}
    - target: {fileID: 7968998137250995412, guid: 795ac2446a264e8428199566423a9f7c, type: 3}
      propertyPath: m_LocalPosition.z
      value: 82
      objectReference: {fileID: 0}
    - target: {fileID: 7968998137250995412, guid: 795ac2446a264e8428199566423a9f7c, type: 3}
      propertyPath: m_LocalRotation.w
      value: 1
      objectReference: {fileID: 0}
    - target: {fileID: 7968998137250995412, guid: 795ac2446a264e8428199566423a9f7c, type: 3}
      propertyPath: m_LocalRotation.x
      value: -0
      objectReference: {fileID: 0}
    - target: {fileID: 7968998137250995412, guid: 795ac2446a264e8428199566423a9f7c, type: 3}
      propertyPath: m_LocalRotation.y
      value: -0
      objectReference: {fileID: 0}
    - target: {fileID: 7968998137250995412, guid: 795ac2446a264e8428199566423a9f7c, type: 3}
      propertyPath: m_LocalRotation.z
      value: -0
      objectReference: {fileID: 0}
    - target: {fileID: 7968998137250995412, guid: 795ac2446a264e8428199566423a9f7c, type: 3}
      propertyPath: m_LocalEulerAnglesHint.x
      value: 0
      objectReference: {fileID: 0}
    - target: {fileID: 7968998137250995412, guid: 795ac2446a264e8428199566423a9f7c, type: 3}
      propertyPath: m_LocalEulerAnglesHint.y
      value: 0
      objectReference: {fileID: 0}
    - target: {fileID: 7968998137250995412, guid: 795ac2446a264e8428199566423a9f7c, type: 3}
      propertyPath: m_LocalEulerAnglesHint.z
      value: 0
      objectReference: {fileID: 0}
    - target: {fileID: 7968998137250995415, guid: 795ac2446a264e8428199566423a9f7c, type: 3}
      propertyPath: m_Name
      value: Enviorment (15)
      objectReference: {fileID: 0}
    m_RemovedComponents: []
  m_SourcePrefab: {fileID: 100100000, guid: 795ac2446a264e8428199566423a9f7c, type: 3}
--- !u!1001 &1045748750
PrefabInstance:
  m_ObjectHideFlags: 0
  serializedVersion: 2
  m_Modification:
    m_TransformParent: {fileID: 1192720943}
    m_Modifications:
    - target: {fileID: 7968998137250995412, guid: 795ac2446a264e8428199566423a9f7c, type: 3}
      propertyPath: m_RootOrder
      value: 15
      objectReference: {fileID: 0}
    - target: {fileID: 7968998137250995412, guid: 795ac2446a264e8428199566423a9f7c, type: 3}
      propertyPath: m_LocalPosition.x
      value: -82
      objectReference: {fileID: 0}
    - target: {fileID: 7968998137250995412, guid: 795ac2446a264e8428199566423a9f7c, type: 3}
      propertyPath: m_LocalPosition.y
      value: 0
      objectReference: {fileID: 0}
    - target: {fileID: 7968998137250995412, guid: 795ac2446a264e8428199566423a9f7c, type: 3}
      propertyPath: m_LocalPosition.z
      value: 0
      objectReference: {fileID: 0}
    - target: {fileID: 7968998137250995412, guid: 795ac2446a264e8428199566423a9f7c, type: 3}
      propertyPath: m_LocalRotation.w
      value: 1
      objectReference: {fileID: 0}
    - target: {fileID: 7968998137250995412, guid: 795ac2446a264e8428199566423a9f7c, type: 3}
      propertyPath: m_LocalRotation.x
      value: -0
      objectReference: {fileID: 0}
    - target: {fileID: 7968998137250995412, guid: 795ac2446a264e8428199566423a9f7c, type: 3}
      propertyPath: m_LocalRotation.y
      value: -0
      objectReference: {fileID: 0}
    - target: {fileID: 7968998137250995412, guid: 795ac2446a264e8428199566423a9f7c, type: 3}
      propertyPath: m_LocalRotation.z
      value: -0
      objectReference: {fileID: 0}
    - target: {fileID: 7968998137250995412, guid: 795ac2446a264e8428199566423a9f7c, type: 3}
      propertyPath: m_LocalEulerAnglesHint.x
      value: 0
      objectReference: {fileID: 0}
    - target: {fileID: 7968998137250995412, guid: 795ac2446a264e8428199566423a9f7c, type: 3}
      propertyPath: m_LocalEulerAnglesHint.y
      value: 0
      objectReference: {fileID: 0}
    - target: {fileID: 7968998137250995412, guid: 795ac2446a264e8428199566423a9f7c, type: 3}
      propertyPath: m_LocalEulerAnglesHint.z
      value: 0
      objectReference: {fileID: 0}
    - target: {fileID: 7968998137250995415, guid: 795ac2446a264e8428199566423a9f7c, type: 3}
      propertyPath: m_Name
      value: Enviorment (17)
      objectReference: {fileID: 0}
    m_RemovedComponents: []
  m_SourcePrefab: {fileID: 100100000, guid: 795ac2446a264e8428199566423a9f7c, type: 3}
--- !u!1 &1059879447
GameObject:
  m_ObjectHideFlags: 0
  m_CorrespondingSourceObject: {fileID: 0}
  m_PrefabInstance: {fileID: 0}
  m_PrefabAsset: {fileID: 0}
  serializedVersion: 6
  m_Component:
  - component: {fileID: 1059879449}
  - component: {fileID: 1059879448}
  m_Layer: 0
  m_Name: Reflection Probe
  m_TagString: Untagged
  m_Icon: {fileID: 0}
  m_NavMeshLayer: 0
  m_StaticEditorFlags: 0
  m_IsActive: 1
--- !u!215 &1059879448
ReflectionProbe:
  m_ObjectHideFlags: 0
  m_CorrespondingSourceObject: {fileID: 0}
  m_PrefabInstance: {fileID: 0}
  m_PrefabAsset: {fileID: 0}
  m_GameObject: {fileID: 1059879447}
  m_Enabled: 1
  serializedVersion: 2
  m_Type: 0
  m_Mode: 0
  m_RefreshMode: 0
  m_TimeSlicingMode: 0
  m_Resolution: 128
  m_UpdateFrequency: 0
  m_BoxSize: {x: 100, y: 100, z: 100}
  m_BoxOffset: {x: 0, y: 0, z: 0}
  m_NearClip: 0.3
  m_FarClip: 1000
  m_ShadowDistance: 100
  m_ClearFlags: 1
  m_BackGroundColor: {r: 0.19215687, g: 0.3019608, b: 0.4745098, a: 0}
  m_CullingMask:
    serializedVersion: 2
    m_Bits: 4294967295
  m_IntensityMultiplier: 1
  m_BlendDistance: 1
  m_HDR: 1
  m_BoxProjection: 0
  m_RenderDynamicObjects: 0
  m_UseOcclusionCulling: 1
  m_Importance: 1
  m_CustomBakedTexture: {fileID: 0}
--- !u!4 &1059879449
Transform:
  m_ObjectHideFlags: 0
  m_CorrespondingSourceObject: {fileID: 0}
  m_PrefabInstance: {fileID: 0}
  m_PrefabAsset: {fileID: 0}
  m_GameObject: {fileID: 1059879447}
  m_LocalRotation: {x: 0, y: 0, z: 0, w: 1}
  m_LocalPosition: {x: 10.95, y: 0, z: -9}
  m_LocalScale: {x: 1, y: 1, z: 1}
  m_Children: []
  m_Father: {fileID: 0}
  m_RootOrder: 7
  m_LocalEulerAnglesHint: {x: 0, y: 0, z: 0}
--- !u!4 &1061657461 stripped
Transform:
  m_CorrespondingSourceObject: {fileID: 7968998137250995412, guid: 795ac2446a264e8428199566423a9f7c, type: 3}
  m_PrefabInstance: {fileID: 138904830}
  m_PrefabAsset: {fileID: 0}
--- !u!4 &1104846838 stripped
Transform:
  m_CorrespondingSourceObject: {fileID: 7968998137250995412, guid: 795ac2446a264e8428199566423a9f7c, type: 3}
  m_PrefabInstance: {fileID: 1603307088}
  m_PrefabAsset: {fileID: 0}
--- !u!4 &1187431127 stripped
Transform:
  m_CorrespondingSourceObject: {fileID: 7968998137250995412, guid: 795ac2446a264e8428199566423a9f7c, type: 3}
  m_PrefabInstance: {fileID: 1503766146}
  m_PrefabAsset: {fileID: 0}
--- !u!1 &1192720942
GameObject:
  m_ObjectHideFlags: 0
  m_CorrespondingSourceObject: {fileID: 0}
  m_PrefabInstance: {fileID: 0}
  m_PrefabAsset: {fileID: 0}
  serializedVersion: 6
  m_Component:
  - component: {fileID: 1192720943}
  m_Layer: 0
  m_Name: AdditionalLearnSpeedUp
  m_TagString: Untagged
  m_Icon: {fileID: 0}
  m_NavMeshLayer: 0
  m_StaticEditorFlags: 0
  m_IsActive: 0
--- !u!4 &1192720943
Transform:
  m_ObjectHideFlags: 0
  m_CorrespondingSourceObject: {fileID: 0}
  m_PrefabInstance: {fileID: 0}
  m_PrefabAsset: {fileID: 0}
  m_GameObject: {fileID: 1192720942}
  m_LocalRotation: {x: 0, y: 0, z: 0, w: 1}
  m_LocalPosition: {x: 0, y: 0, z: 0}
  m_LocalScale: {x: 1, y: 1, z: 1}
  m_Children:
  - {fileID: 704631072}
  - {fileID: 1720474146}
  - {fileID: 39504313}
  - {fileID: 1824314641}
  - {fileID: 437670241}
  - {fileID: 2097142817}
  - {fileID: 789086279}
  - {fileID: 1187431127}
  - {fileID: 1061657461}
  - {fileID: 1104846838}
  - {fileID: 2059810467}
  - {fileID: 1551497661}
  - {fileID: 2111700073}
  - {fileID: 1227465820}
  - {fileID: 936171}
  - {fileID: 499834837}
  - {fileID: 244044146}
  - {fileID: 2048707177}
  - {fileID: 1808875262}
  m_Father: {fileID: 0}
  m_RootOrder: 3
  m_LocalEulerAnglesHint: {x: 0, y: 0, z: 0}
--- !u!4 &1227465820 stripped
Transform:
  m_CorrespondingSourceObject: {fileID: 7968998137250995412, guid: 795ac2446a264e8428199566423a9f7c, type: 3}
  m_PrefabInstance: {fileID: 952502547}
  m_PrefabAsset: {fileID: 0}
--- !u!1 &1343499646
GameObject:
  m_ObjectHideFlags: 0
  m_CorrespondingSourceObject: {fileID: 0}
  m_PrefabInstance: {fileID: 0}
  m_PrefabAsset: {fileID: 0}
  serializedVersion: 6
  m_Component:
  - component: {fileID: 1343499648}
  - component: {fileID: 1343499647}
  m_Layer: 0
  m_Name: Light Probe Group
  m_TagString: Untagged
  m_Icon: {fileID: 0}
  m_NavMeshLayer: 0
  m_StaticEditorFlags: 4294967295
  m_IsActive: 1
--- !u!220 &1343499647
LightProbeGroup:
  m_ObjectHideFlags: 0
  m_CorrespondingSourceObject: {fileID: 0}
  m_PrefabInstance: {fileID: 0}
  m_PrefabAsset: {fileID: 0}
  m_GameObject: {fileID: 1343499646}
  m_Enabled: 1
  m_SourcePositions:
  - {x: 1, y: 1, z: 1}
  - {x: 1, y: 1, z: -1}
  - {x: 1, y: -1, z: 1}
  - {x: 1, y: -1, z: -1}
  - {x: -1, y: 1, z: 1}
  - {x: -1, y: 1, z: -1}
  - {x: -1, y: -1, z: 1}
  - {x: -1, y: -1, z: -1}
  - {x: -0.015039355, y: -0.17750612, z: 0.5133333}
  - {x: 0.3618887, y: -0.17750612, z: 0.43923193}
  - {x: 0.5273298, y: -0.23009954, z: -0.51813877}
  - {x: 0, y: 0, z: -0.2540815}
  - {x: -0.47861868, y: 0, z: 0}
  - {x: -0.34879646, y: 0, z: 0.39797994}
  - {x: 0, y: 0.47066337, z: 0}
  - {x: 0.6260225, y: 0.33531377, z: 0}
  m_Dering: 1
--- !u!4 &1343499648
Transform:
  m_ObjectHideFlags: 0
  m_CorrespondingSourceObject: {fileID: 0}
  m_PrefabInstance: {fileID: 0}
  m_PrefabAsset: {fileID: 0}
  m_GameObject: {fileID: 1343499646}
  m_LocalRotation: {x: 0, y: 0, z: 0, w: 1}
  m_LocalPosition: {x: 0, y: 0, z: 0}
  m_LocalScale: {x: 30, y: 30, z: 30}
  m_Children: []
  m_Father: {fileID: 0}
  m_RootOrder: 6
  m_LocalEulerAnglesHint: {x: 0, y: 0, z: 0}
--- !u!1 &1386008335
GameObject:
  m_ObjectHideFlags: 0
  m_CorrespondingSourceObject: {fileID: 0}
  m_PrefabInstance: {fileID: 0}
  m_PrefabAsset: {fileID: 0}
  serializedVersion: 6
  m_Component:
  - component: {fileID: 1386008337}
  - component: {fileID: 1386008336}
  m_Layer: 0
  m_Name: Point Light
  m_TagString: Untagged
  m_Icon: {fileID: 0}
  m_NavMeshLayer: 0
  m_StaticEditorFlags: 0
  m_IsActive: 1
--- !u!108 &1386008336
Light:
  m_ObjectHideFlags: 0
  m_CorrespondingSourceObject: {fileID: 0}
  m_PrefabInstance: {fileID: 0}
  m_PrefabAsset: {fileID: 0}
  m_GameObject: {fileID: 1386008335}
  m_Enabled: 1
  serializedVersion: 10
  m_Type: 2
  m_Shape: 0
  m_Color: {r: 1, g: 0.9635534, b: 0, a: 1}
  m_Intensity: 9
  m_Range: 50
  m_SpotAngle: 30
  m_InnerSpotAngle: 21.80208
  m_CookieSize: 10
  m_Shadows:
    m_Type: 0
    m_Resolution: -1
    m_CustomResolution: -1
    m_Strength: 1
    m_Bias: 0.05
    m_NormalBias: 0.4
    m_NearPlane: 0.2
    m_CullingMatrixOverride:
      e00: 1
      e01: 0
      e02: 0
      e03: 0
      e10: 0
      e11: 1
      e12: 0
      e13: 0
      e20: 0
      e21: 0
      e22: 1
      e23: 0
      e30: 0
      e31: 0
      e32: 0
      e33: 1
    m_UseCullingMatrixOverride: 0
  m_Cookie: {fileID: 0}
  m_DrawHalo: 0
  m_Flare: {fileID: 0}
  m_RenderMode: 2
  m_CullingMask:
    serializedVersion: 2
    m_Bits: 1
  m_RenderingLayerMask: 1
  m_Lightmapping: 4
  m_LightShadowCasterMode: 0
  m_AreaSize: {x: 1, y: 1}
  m_BounceIntensity: 0
  m_ColorTemperature: 6570
  m_UseColorTemperature: 0
  m_BoundingSphereOverride: {x: 0, y: 0, z: 0, w: 0}
  m_UseBoundingSphereOverride: 0
  m_UseViewFrustumForShadowCasterCull: 1
  m_ShadowRadius: 0
  m_ShadowAngle: 0
--- !u!4 &1386008337
Transform:
  m_ObjectHideFlags: 0
  m_CorrespondingSourceObject: {fileID: 0}
  m_PrefabInstance: {fileID: 0}
  m_PrefabAsset: {fileID: 0}
  m_GameObject: {fileID: 1386008335}
  m_LocalRotation: {x: -0, y: -0, z: -0, w: 1}
  m_LocalPosition: {x: -0.26, y: 0.4298748, z: 0.080000006}
  m_LocalScale: {x: 0.2, y: 0.2, z: 0.2}
  m_Children: []
  m_Father: {fileID: 555749117}
  m_RootOrder: 0
  m_LocalEulerAnglesHint: {x: 0, y: 0, z: 0}
--- !u!1001 &1459753705
PrefabInstance:
  m_ObjectHideFlags: 0
  serializedVersion: 2
  m_Modification:
    m_TransformParent: {fileID: 1192720943}
    m_Modifications:
    - target: {fileID: 7968998137250995412, guid: 795ac2446a264e8428199566423a9f7c, type: 3}
      propertyPath: m_RootOrder
      value: 11
      objectReference: {fileID: 0}
    - target: {fileID: 7968998137250995412, guid: 795ac2446a264e8428199566423a9f7c, type: 3}
      propertyPath: m_LocalPosition.x
      value: -41
      objectReference: {fileID: 0}
    - target: {fileID: 7968998137250995412, guid: 795ac2446a264e8428199566423a9f7c, type: 3}
      propertyPath: m_LocalPosition.y
      value: 0
      objectReference: {fileID: 0}
    - target: {fileID: 7968998137250995412, guid: 795ac2446a264e8428199566423a9f7c, type: 3}
      propertyPath: m_LocalPosition.z
      value: 0
      objectReference: {fileID: 0}
    - target: {fileID: 7968998137250995412, guid: 795ac2446a264e8428199566423a9f7c, type: 3}
      propertyPath: m_LocalRotation.w
      value: 1
      objectReference: {fileID: 0}
    - target: {fileID: 7968998137250995412, guid: 795ac2446a264e8428199566423a9f7c, type: 3}
      propertyPath: m_LocalRotation.x
      value: -0
      objectReference: {fileID: 0}
    - target: {fileID: 7968998137250995412, guid: 795ac2446a264e8428199566423a9f7c, type: 3}
      propertyPath: m_LocalRotation.y
      value: -0
      objectReference: {fileID: 0}
    - target: {fileID: 7968998137250995412, guid: 795ac2446a264e8428199566423a9f7c, type: 3}
      propertyPath: m_LocalRotation.z
      value: -0
      objectReference: {fileID: 0}
    - target: {fileID: 7968998137250995412, guid: 795ac2446a264e8428199566423a9f7c, type: 3}
      propertyPath: m_LocalEulerAnglesHint.x
      value: 0
      objectReference: {fileID: 0}
    - target: {fileID: 7968998137250995412, guid: 795ac2446a264e8428199566423a9f7c, type: 3}
      propertyPath: m_LocalEulerAnglesHint.y
      value: 0
      objectReference: {fileID: 0}
    - target: {fileID: 7968998137250995412, guid: 795ac2446a264e8428199566423a9f7c, type: 3}
      propertyPath: m_LocalEulerAnglesHint.z
      value: 0
      objectReference: {fileID: 0}
    - target: {fileID: 7968998137250995415, guid: 795ac2446a264e8428199566423a9f7c, type: 3}
      propertyPath: m_Name
      value: Enviorment (13)
      objectReference: {fileID: 0}
    m_RemovedComponents: []
  m_SourcePrefab: {fileID: 100100000, guid: 795ac2446a264e8428199566423a9f7c, type: 3}
--- !u!1001 &1473123306
PrefabInstance:
  m_ObjectHideFlags: 0
  serializedVersion: 2
  m_Modification:
    m_TransformParent: {fileID: 1192720943}
    m_Modifications:
    - target: {fileID: 7968998137250995412, guid: 795ac2446a264e8428199566423a9f7c, type: 3}
      propertyPath: m_RootOrder
      value: 16
      objectReference: {fileID: 0}
    - target: {fileID: 7968998137250995412, guid: 795ac2446a264e8428199566423a9f7c, type: 3}
      propertyPath: m_LocalPosition.x
      value: -82
      objectReference: {fileID: 0}
    - target: {fileID: 7968998137250995412, guid: 795ac2446a264e8428199566423a9f7c, type: 3}
      propertyPath: m_LocalPosition.y
      value: 0
      objectReference: {fileID: 0}
    - target: {fileID: 7968998137250995412, guid: 795ac2446a264e8428199566423a9f7c, type: 3}
      propertyPath: m_LocalPosition.z
      value: 41
      objectReference: {fileID: 0}
    - target: {fileID: 7968998137250995412, guid: 795ac2446a264e8428199566423a9f7c, type: 3}
      propertyPath: m_LocalRotation.w
      value: 1
      objectReference: {fileID: 0}
    - target: {fileID: 7968998137250995412, guid: 795ac2446a264e8428199566423a9f7c, type: 3}
      propertyPath: m_LocalRotation.x
      value: -0
      objectReference: {fileID: 0}
    - target: {fileID: 7968998137250995412, guid: 795ac2446a264e8428199566423a9f7c, type: 3}
      propertyPath: m_LocalRotation.y
      value: -0
      objectReference: {fileID: 0}
    - target: {fileID: 7968998137250995412, guid: 795ac2446a264e8428199566423a9f7c, type: 3}
      propertyPath: m_LocalRotation.z
      value: -0
      objectReference: {fileID: 0}
    - target: {fileID: 7968998137250995412, guid: 795ac2446a264e8428199566423a9f7c, type: 3}
      propertyPath: m_LocalEulerAnglesHint.x
      value: 0
      objectReference: {fileID: 0}
    - target: {fileID: 7968998137250995412, guid: 795ac2446a264e8428199566423a9f7c, type: 3}
      propertyPath: m_LocalEulerAnglesHint.y
      value: 0
      objectReference: {fileID: 0}
    - target: {fileID: 7968998137250995412, guid: 795ac2446a264e8428199566423a9f7c, type: 3}
      propertyPath: m_LocalEulerAnglesHint.z
      value: 0
      objectReference: {fileID: 0}
    - target: {fileID: 7968998137250995415, guid: 795ac2446a264e8428199566423a9f7c, type: 3}
      propertyPath: m_Name
      value: Enviorment (18)
      objectReference: {fileID: 0}
    m_RemovedComponents: []
  m_SourcePrefab: {fileID: 100100000, guid: 795ac2446a264e8428199566423a9f7c, type: 3}
--- !u!1 &1473701734
GameObject:
  m_ObjectHideFlags: 0
  m_CorrespondingSourceObject: {fileID: 0}
  m_PrefabInstance: {fileID: 0}
  m_PrefabAsset: {fileID: 0}
  serializedVersion: 6
  m_Component:
  - component: {fileID: 1473701735}
  - component: {fileID: 1473701737}
  - component: {fileID: 1473701736}
  m_Layer: 5
  m_Name: Collisions
  m_TagString: Untagged
  m_Icon: {fileID: 0}
  m_NavMeshLayer: 0
  m_StaticEditorFlags: 0
  m_IsActive: 1
--- !u!224 &1473701735
RectTransform:
  m_ObjectHideFlags: 0
  m_CorrespondingSourceObject: {fileID: 0}
  m_PrefabInstance: {fileID: 0}
  m_PrefabAsset: {fileID: 0}
  m_GameObject: {fileID: 1473701734}
  m_LocalRotation: {x: 0, y: 0, z: 0, w: 1}
  m_LocalPosition: {x: 0, y: 0, z: 0}
  m_LocalScale: {x: 1, y: 1, z: 1}
  m_Children: []
  m_Father: {fileID: 2022684863}
  m_RootOrder: 3
  m_LocalEulerAnglesHint: {x: 0, y: 0, z: 0}
  m_AnchorMin: {x: 0, y: 0}
  m_AnchorMax: {x: 0, y: 0}
  m_AnchoredPosition: {x: 0, y: 0}
  m_SizeDelta: {x: 369.3, y: 132.62299}
  m_Pivot: {x: 0, y: 0}
--- !u!114 &1473701736
MonoBehaviour:
  m_ObjectHideFlags: 0
  m_CorrespondingSourceObject: {fileID: 0}
  m_PrefabInstance: {fileID: 0}
  m_PrefabAsset: {fileID: 0}
  m_GameObject: {fileID: 1473701734}
  m_Enabled: 1
  m_EditorHideFlags: 0
  m_Script: {fileID: 11500000, guid: f4688fdb7df04437aeb418b961361dc5, type: 3}
  m_Name: 
  m_EditorClassIdentifier: 
  m_Material: {fileID: 0}
  m_Color: {r: 1, g: 1, b: 1, a: 1}
  m_RaycastTarget: 1
  m_RaycastPadding: {x: 0, y: 0, z: 0, w: 0}
  m_Maskable: 1
  m_OnCullStateChanged:
    m_PersistentCalls:
      m_Calls: []
  m_text: New Text
  m_isRightToLeft: 0
  m_fontAsset: {fileID: 11400000, guid: 8f586378b4e144a9851e7b34d9b748ee, type: 2}
  m_sharedMaterial: {fileID: 2180264, guid: 8f586378b4e144a9851e7b34d9b748ee, type: 2}
  m_fontSharedMaterials: []
  m_fontMaterial: {fileID: 0}
  m_fontMaterials: []
  m_fontColor32:
    serializedVersion: 2
    rgba: 4279902128
  m_fontColor: {r: 0.6901961, g: 0.12017275, b: 0.10196077, a: 1}
  m_enableVertexGradient: 0
  m_colorMode: 3
  m_fontColorGradient:
    topLeft: {r: 1, g: 1, b: 1, a: 1}
    topRight: {r: 1, g: 1, b: 1, a: 1}
    bottomLeft: {r: 1, g: 1, b: 1, a: 1}
    bottomRight: {r: 1, g: 1, b: 1, a: 1}
  m_fontColorGradientPreset: {fileID: 0}
  m_spriteAsset: {fileID: 0}
  m_tintAllSprites: 0
  m_StyleSheet: {fileID: 0}
  m_TextStyleHashCode: -1183493901
  m_overrideHtmlColors: 0
  m_faceColor:
    serializedVersion: 2
    rgba: 4294967295
  m_fontSize: 90.5
  m_fontSizeBase: 37.49
  m_fontWeight: 400
  m_enableAutoSizing: 1
  m_fontSizeMin: 18
  m_fontSizeMax: 105.8
  m_fontStyle: 0
  m_HorizontalAlignment: 1
  m_VerticalAlignment: 256
  m_textAlignment: 65535
  m_characterSpacing: 0
  m_wordSpacing: 0
  m_lineSpacing: 0
  m_lineSpacingMax: 0
  m_paragraphSpacing: 0
  m_charWidthMaxAdj: 0
  m_enableWordWrapping: 1
  m_wordWrappingRatios: 0.4
  m_overflowMode: 0
  m_linkedTextComponent: {fileID: 0}
  parentLinkedComponent: {fileID: 0}
  m_enableKerning: 1
  m_enableExtraPadding: 0
  checkPaddingRequired: 0
  m_isRichText: 1
  m_parseCtrlCharacters: 1
  m_isOrthographic: 1
  m_isCullingEnabled: 0
  m_horizontalMapping: 0
  m_verticalMapping: 0
  m_uvLineOffset: 0
  m_geometrySortingOrder: 0
  m_IsTextObjectScaleStatic: 0
  m_VertexBufferAutoSizeReduction: 0
  m_useMaxVisibleDescender: 1
  m_pageToDisplay: 1
  m_margin: {x: 0, y: 0, z: 0, w: 0}
  m_isUsingLegacyAnimationComponent: 0
  m_isVolumetricText: 0
  m_hasFontAssetChanged: 0
  m_baseMaterial: {fileID: 0}
  m_maskOffset: {x: 0, y: 0, z: 0, w: 0}
--- !u!222 &1473701737
CanvasRenderer:
  m_ObjectHideFlags: 0
  m_CorrespondingSourceObject: {fileID: 0}
  m_PrefabInstance: {fileID: 0}
  m_PrefabAsset: {fileID: 0}
  m_GameObject: {fileID: 1473701734}
  m_CullTransparentMesh: 1
--- !u!1001 &1503766146
PrefabInstance:
  m_ObjectHideFlags: 0
  serializedVersion: 2
  m_Modification:
    m_TransformParent: {fileID: 1192720943}
    m_Modifications:
    - target: {fileID: 7968998137250995412, guid: 795ac2446a264e8428199566423a9f7c, type: 3}
      propertyPath: m_RootOrder
      value: 7
      objectReference: {fileID: 0}
    - target: {fileID: 7968998137250995412, guid: 795ac2446a264e8428199566423a9f7c, type: 3}
      propertyPath: m_LocalPosition.x
      value: 82
      objectReference: {fileID: 0}
    - target: {fileID: 7968998137250995412, guid: 795ac2446a264e8428199566423a9f7c, type: 3}
      propertyPath: m_LocalPosition.y
      value: 0
      objectReference: {fileID: 0}
    - target: {fileID: 7968998137250995412, guid: 795ac2446a264e8428199566423a9f7c, type: 3}
      propertyPath: m_LocalPosition.z
      value: 0
      objectReference: {fileID: 0}
    - target: {fileID: 7968998137250995412, guid: 795ac2446a264e8428199566423a9f7c, type: 3}
      propertyPath: m_LocalRotation.w
      value: 1
      objectReference: {fileID: 0}
    - target: {fileID: 7968998137250995412, guid: 795ac2446a264e8428199566423a9f7c, type: 3}
      propertyPath: m_LocalRotation.x
      value: -0
      objectReference: {fileID: 0}
    - target: {fileID: 7968998137250995412, guid: 795ac2446a264e8428199566423a9f7c, type: 3}
      propertyPath: m_LocalRotation.y
      value: -0
      objectReference: {fileID: 0}
    - target: {fileID: 7968998137250995412, guid: 795ac2446a264e8428199566423a9f7c, type: 3}
      propertyPath: m_LocalRotation.z
      value: -0
      objectReference: {fileID: 0}
    - target: {fileID: 7968998137250995412, guid: 795ac2446a264e8428199566423a9f7c, type: 3}
      propertyPath: m_LocalEulerAnglesHint.x
      value: 0
      objectReference: {fileID: 0}
    - target: {fileID: 7968998137250995412, guid: 795ac2446a264e8428199566423a9f7c, type: 3}
      propertyPath: m_LocalEulerAnglesHint.y
      value: 0
      objectReference: {fileID: 0}
    - target: {fileID: 7968998137250995412, guid: 795ac2446a264e8428199566423a9f7c, type: 3}
      propertyPath: m_LocalEulerAnglesHint.z
      value: 0
      objectReference: {fileID: 0}
    - target: {fileID: 7968998137250995415, guid: 795ac2446a264e8428199566423a9f7c, type: 3}
      propertyPath: m_Name
      value: Enviorment (9)
      objectReference: {fileID: 0}
    m_RemovedComponents: []
  m_SourcePrefab: {fileID: 100100000, guid: 795ac2446a264e8428199566423a9f7c, type: 3}
--- !u!1 &1513063516
GameObject:
  m_ObjectHideFlags: 0
  m_CorrespondingSourceObject: {fileID: 0}
  m_PrefabInstance: {fileID: 0}
  m_PrefabAsset: {fileID: 0}
  serializedVersion: 6
  m_Component:
  - component: {fileID: 1513063517}
  - component: {fileID: 1513063519}
  - component: {fileID: 1513063518}
  m_Layer: 5
  m_Name: Reward
  m_TagString: Untagged
  m_Icon: {fileID: 0}
  m_NavMeshLayer: 0
  m_StaticEditorFlags: 0
  m_IsActive: 1
--- !u!224 &1513063517
RectTransform:
  m_ObjectHideFlags: 0
  m_CorrespondingSourceObject: {fileID: 0}
  m_PrefabInstance: {fileID: 0}
  m_PrefabAsset: {fileID: 0}
  m_GameObject: {fileID: 1513063516}
  m_LocalRotation: {x: 0, y: 0, z: 0, w: 1}
  m_LocalPosition: {x: 0, y: 0, z: 0}
  m_LocalScale: {x: 1, y: 1, z: 1}
  m_Children: []
  m_Father: {fileID: 2022684863}
  m_RootOrder: 2
  m_LocalEulerAnglesHint: {x: 0, y: 0, z: 0}
  m_AnchorMin: {x: 1, y: 1}
  m_AnchorMax: {x: 1, y: 1}
  m_AnchoredPosition: {x: 0, y: 0}
  m_SizeDelta: {x: 369.30005, y: 132.623}
  m_Pivot: {x: 1, y: 1}
--- !u!114 &1513063518
MonoBehaviour:
  m_ObjectHideFlags: 0
  m_CorrespondingSourceObject: {fileID: 0}
  m_PrefabInstance: {fileID: 0}
  m_PrefabAsset: {fileID: 0}
  m_GameObject: {fileID: 1513063516}
  m_Enabled: 1
  m_EditorHideFlags: 0
  m_Script: {fileID: 11500000, guid: f4688fdb7df04437aeb418b961361dc5, type: 3}
  m_Name: 
  m_EditorClassIdentifier: 
  m_Material: {fileID: 0}
  m_Color: {r: 1, g: 1, b: 1, a: 1}
  m_RaycastTarget: 1
  m_RaycastPadding: {x: 0, y: 0, z: 0, w: 0}
  m_Maskable: 1
  m_OnCullStateChanged:
    m_PersistentCalls:
      m_Calls: []
  m_text: New Text
  m_isRightToLeft: 0
  m_fontAsset: {fileID: 11400000, guid: 8f586378b4e144a9851e7b34d9b748ee, type: 2}
  m_sharedMaterial: {fileID: 2180264, guid: 8f586378b4e144a9851e7b34d9b748ee, type: 2}
  m_fontSharedMaterials: []
  m_fontMaterial: {fileID: 0}
  m_fontMaterials: []
  m_fontColor32:
    serializedVersion: 2
    rgba: 4278246399
  m_fontColor: {r: 1, g: 0.86054194, b: 0, a: 1}
  m_enableVertexGradient: 0
  m_colorMode: 3
  m_fontColorGradient:
    topLeft: {r: 1, g: 1, b: 1, a: 1}
    topRight: {r: 1, g: 1, b: 1, a: 1}
    bottomLeft: {r: 1, g: 1, b: 1, a: 1}
    bottomRight: {r: 1, g: 1, b: 1, a: 1}
  m_fontColorGradientPreset: {fileID: 0}
  m_spriteAsset: {fileID: 0}
  m_tintAllSprites: 0
  m_StyleSheet: {fileID: 0}
  m_TextStyleHashCode: -1183493901
  m_overrideHtmlColors: 0
  m_faceColor:
    serializedVersion: 2
    rgba: 4294967295
  m_fontSize: 90.5
  m_fontSizeBase: 37.49
  m_fontWeight: 400
  m_enableAutoSizing: 1
  m_fontSizeMin: 18
  m_fontSizeMax: 105.8
  m_fontStyle: 0
  m_HorizontalAlignment: 1
  m_VerticalAlignment: 256
  m_textAlignment: 65535
  m_characterSpacing: 0
  m_wordSpacing: 0
  m_lineSpacing: 0
  m_lineSpacingMax: 0
  m_paragraphSpacing: 0
  m_charWidthMaxAdj: 0
  m_enableWordWrapping: 1
  m_wordWrappingRatios: 0.4
  m_overflowMode: 0
  m_linkedTextComponent: {fileID: 0}
  parentLinkedComponent: {fileID: 0}
  m_enableKerning: 1
  m_enableExtraPadding: 0
  checkPaddingRequired: 0
  m_isRichText: 1
  m_parseCtrlCharacters: 1
  m_isOrthographic: 1
  m_isCullingEnabled: 0
  m_horizontalMapping: 0
  m_verticalMapping: 0
  m_uvLineOffset: 0
  m_geometrySortingOrder: 0
  m_IsTextObjectScaleStatic: 0
  m_VertexBufferAutoSizeReduction: 0
  m_useMaxVisibleDescender: 1
  m_pageToDisplay: 1
  m_margin: {x: 0, y: 0, z: 0, w: 0}
  m_isUsingLegacyAnimationComponent: 0
  m_isVolumetricText: 0
  m_hasFontAssetChanged: 0
  m_baseMaterial: {fileID: 0}
  m_maskOffset: {x: 0, y: 0, z: 0, w: 0}
--- !u!222 &1513063519
CanvasRenderer:
  m_ObjectHideFlags: 0
  m_CorrespondingSourceObject: {fileID: 0}
  m_PrefabInstance: {fileID: 0}
  m_PrefabAsset: {fileID: 0}
  m_GameObject: {fileID: 1513063516}
  m_CullTransparentMesh: 1
--- !u!4 &1551497661 stripped
Transform:
  m_CorrespondingSourceObject: {fileID: 7968998137250995412, guid: 795ac2446a264e8428199566423a9f7c, type: 3}
  m_PrefabInstance: {fileID: 1459753705}
  m_PrefabAsset: {fileID: 0}
--- !u!1001 &1603307088
PrefabInstance:
  m_ObjectHideFlags: 0
  serializedVersion: 2
  m_Modification:
    m_TransformParent: {fileID: 1192720943}
    m_Modifications:
    - target: {fileID: 7968998137250995412, guid: 795ac2446a264e8428199566423a9f7c, type: 3}
      propertyPath: m_RootOrder
      value: 9
      objectReference: {fileID: 0}
    - target: {fileID: 7968998137250995412, guid: 795ac2446a264e8428199566423a9f7c, type: 3}
      propertyPath: m_LocalPosition.x
      value: 82
      objectReference: {fileID: 0}
    - target: {fileID: 7968998137250995412, guid: 795ac2446a264e8428199566423a9f7c, type: 3}
      propertyPath: m_LocalPosition.y
      value: 0
      objectReference: {fileID: 0}
    - target: {fileID: 7968998137250995412, guid: 795ac2446a264e8428199566423a9f7c, type: 3}
      propertyPath: m_LocalPosition.z
      value: 82
      objectReference: {fileID: 0}
    - target: {fileID: 7968998137250995412, guid: 795ac2446a264e8428199566423a9f7c, type: 3}
      propertyPath: m_LocalRotation.w
      value: 1
      objectReference: {fileID: 0}
    - target: {fileID: 7968998137250995412, guid: 795ac2446a264e8428199566423a9f7c, type: 3}
      propertyPath: m_LocalRotation.x
      value: -0
      objectReference: {fileID: 0}
    - target: {fileID: 7968998137250995412, guid: 795ac2446a264e8428199566423a9f7c, type: 3}
      propertyPath: m_LocalRotation.y
      value: -0
      objectReference: {fileID: 0}
    - target: {fileID: 7968998137250995412, guid: 795ac2446a264e8428199566423a9f7c, type: 3}
      propertyPath: m_LocalRotation.z
      value: -0
      objectReference: {fileID: 0}
    - target: {fileID: 7968998137250995412, guid: 795ac2446a264e8428199566423a9f7c, type: 3}
      propertyPath: m_LocalEulerAnglesHint.x
      value: 0
      objectReference: {fileID: 0}
    - target: {fileID: 7968998137250995412, guid: 795ac2446a264e8428199566423a9f7c, type: 3}
      propertyPath: m_LocalEulerAnglesHint.y
      value: 0
      objectReference: {fileID: 0}
    - target: {fileID: 7968998137250995412, guid: 795ac2446a264e8428199566423a9f7c, type: 3}
      propertyPath: m_LocalEulerAnglesHint.z
      value: 0
      objectReference: {fileID: 0}
    - target: {fileID: 7968998137250995415, guid: 795ac2446a264e8428199566423a9f7c, type: 3}
      propertyPath: m_Name
      value: Enviorment (11)
      objectReference: {fileID: 0}
    m_RemovedComponents: []
  m_SourcePrefab: {fileID: 100100000, guid: 795ac2446a264e8428199566423a9f7c, type: 3}
--- !u!1 &1610858174
GameObject:
  m_ObjectHideFlags: 0
  m_CorrespondingSourceObject: {fileID: 0}
  m_PrefabInstance: {fileID: 0}
  m_PrefabAsset: {fileID: 0}
  serializedVersion: 6
  m_Component:
  - component: {fileID: 1610858175}
  - component: {fileID: 1610858177}
  - component: {fileID: 1610858176}
  m_Layer: 5
  m_Name: BestTime
  m_TagString: Untagged
  m_Icon: {fileID: 0}
  m_NavMeshLayer: 0
  m_StaticEditorFlags: 0
  m_IsActive: 1
--- !u!224 &1610858175
RectTransform:
  m_ObjectHideFlags: 0
  m_CorrespondingSourceObject: {fileID: 0}
  m_PrefabInstance: {fileID: 0}
  m_PrefabAsset: {fileID: 0}
  m_GameObject: {fileID: 1610858174}
  m_LocalRotation: {x: 0, y: 0, z: 0, w: 1}
  m_LocalPosition: {x: 0, y: 0, z: 0}
  m_LocalScale: {x: 1, y: 1, z: 1}
  m_Children: []
  m_Father: {fileID: 2022684863}
  m_RootOrder: 1
  m_LocalEulerAnglesHint: {x: 0, y: 0, z: 0}
  m_AnchorMin: {x: 0, y: 1}
  m_AnchorMax: {x: 0, y: 1}
  m_AnchoredPosition: {x: 0, y: 0}
  m_SizeDelta: {x: 369.3, y: 132.623}
  m_Pivot: {x: 0, y: 1}
--- !u!114 &1610858176
MonoBehaviour:
  m_ObjectHideFlags: 0
  m_CorrespondingSourceObject: {fileID: 0}
  m_PrefabInstance: {fileID: 0}
  m_PrefabAsset: {fileID: 0}
  m_GameObject: {fileID: 1610858174}
  m_Enabled: 1
  m_EditorHideFlags: 0
  m_Script: {fileID: 11500000, guid: f4688fdb7df04437aeb418b961361dc5, type: 3}
  m_Name: 
  m_EditorClassIdentifier: 
  m_Material: {fileID: 0}
  m_Color: {r: 1, g: 1, b: 1, a: 1}
  m_RaycastTarget: 1
  m_RaycastPadding: {x: 0, y: 0, z: 0, w: 0}
  m_Maskable: 1
  m_OnCullStateChanged:
    m_PersistentCalls:
      m_Calls: []
  m_text: New Text
  m_isRightToLeft: 0
  m_fontAsset: {fileID: 11400000, guid: 8f586378b4e144a9851e7b34d9b748ee, type: 2}
  m_sharedMaterial: {fileID: 2180264, guid: 8f586378b4e144a9851e7b34d9b748ee, type: 2}
  m_fontSharedMaterials: []
  m_fontMaterial: {fileID: 0}
  m_fontMaterials: []
  m_fontColor32:
    serializedVersion: 2
    rgba: 4279939150
  m_fontColor: {r: 0.3066158, g: 0.6886792, b: 0.10070309, a: 1}
  m_enableVertexGradient: 0
  m_colorMode: 3
  m_fontColorGradient:
    topLeft: {r: 1, g: 1, b: 1, a: 1}
    topRight: {r: 1, g: 1, b: 1, a: 1}
    bottomLeft: {r: 1, g: 1, b: 1, a: 1}
    bottomRight: {r: 1, g: 1, b: 1, a: 1}
  m_fontColorGradientPreset: {fileID: 0}
  m_spriteAsset: {fileID: 0}
  m_tintAllSprites: 0
  m_StyleSheet: {fileID: 0}
  m_TextStyleHashCode: -1183493901
  m_overrideHtmlColors: 0
  m_faceColor:
    serializedVersion: 2
    rgba: 4294967295
  m_fontSize: 90.5
  m_fontSizeBase: 37.49
  m_fontWeight: 400
  m_enableAutoSizing: 1
  m_fontSizeMin: 18
  m_fontSizeMax: 105.8
  m_fontStyle: 0
  m_HorizontalAlignment: 1
  m_VerticalAlignment: 256
  m_textAlignment: 65535
  m_characterSpacing: 0
  m_wordSpacing: 0
  m_lineSpacing: 0
  m_lineSpacingMax: 0
  m_paragraphSpacing: 0
  m_charWidthMaxAdj: 0
  m_enableWordWrapping: 1
  m_wordWrappingRatios: 0.4
  m_overflowMode: 0
  m_linkedTextComponent: {fileID: 0}
  parentLinkedComponent: {fileID: 0}
  m_enableKerning: 1
  m_enableExtraPadding: 0
  checkPaddingRequired: 0
  m_isRichText: 1
  m_parseCtrlCharacters: 1
  m_isOrthographic: 1
  m_isCullingEnabled: 0
  m_horizontalMapping: 0
  m_verticalMapping: 0
  m_uvLineOffset: 0
  m_geometrySortingOrder: 0
  m_IsTextObjectScaleStatic: 0
  m_VertexBufferAutoSizeReduction: 0
  m_useMaxVisibleDescender: 1
  m_pageToDisplay: 1
  m_margin: {x: 0, y: 0, z: 0, w: 0}
  m_isUsingLegacyAnimationComponent: 0
  m_isVolumetricText: 0
  m_hasFontAssetChanged: 0
  m_baseMaterial: {fileID: 0}
  m_maskOffset: {x: 0, y: 0, z: 0, w: 0}
--- !u!222 &1610858177
CanvasRenderer:
  m_ObjectHideFlags: 0
  m_CorrespondingSourceObject: {fileID: 0}
  m_PrefabInstance: {fileID: 0}
  m_PrefabAsset: {fileID: 0}
  m_GameObject: {fileID: 1610858174}
  m_CullTransparentMesh: 1
--- !u!4 &1720474146 stripped
Transform:
  m_CorrespondingSourceObject: {fileID: 7968998137250995412, guid: 795ac2446a264e8428199566423a9f7c, type: 3}
  m_PrefabInstance: {fileID: 669877038}
  m_PrefabAsset: {fileID: 0}
--- !u!1001 &1728948303
PrefabInstance:
  m_ObjectHideFlags: 0
  serializedVersion: 2
  m_Modification:
    m_TransformParent: {fileID: 1192720943}
    m_Modifications:
    - target: {fileID: 7968998137250995412, guid: 795ac2446a264e8428199566423a9f7c, type: 3}
      propertyPath: m_RootOrder
      value: 10
      objectReference: {fileID: 0}
    - target: {fileID: 7968998137250995412, guid: 795ac2446a264e8428199566423a9f7c, type: 3}
      propertyPath: m_LocalPosition.x
      value: 82
      objectReference: {fileID: 0}
    - target: {fileID: 7968998137250995412, guid: 795ac2446a264e8428199566423a9f7c, type: 3}
      propertyPath: m_LocalPosition.y
      value: 0
      objectReference: {fileID: 0}
    - target: {fileID: 7968998137250995412, guid: 795ac2446a264e8428199566423a9f7c, type: 3}
      propertyPath: m_LocalPosition.z
      value: 123
      objectReference: {fileID: 0}
    - target: {fileID: 7968998137250995412, guid: 795ac2446a264e8428199566423a9f7c, type: 3}
      propertyPath: m_LocalRotation.w
      value: 1
      objectReference: {fileID: 0}
    - target: {fileID: 7968998137250995412, guid: 795ac2446a264e8428199566423a9f7c, type: 3}
      propertyPath: m_LocalRotation.x
      value: -0
      objectReference: {fileID: 0}
    - target: {fileID: 7968998137250995412, guid: 795ac2446a264e8428199566423a9f7c, type: 3}
      propertyPath: m_LocalRotation.y
      value: -0
      objectReference: {fileID: 0}
    - target: {fileID: 7968998137250995412, guid: 795ac2446a264e8428199566423a9f7c, type: 3}
      propertyPath: m_LocalRotation.z
      value: -0
      objectReference: {fileID: 0}
    - target: {fileID: 7968998137250995412, guid: 795ac2446a264e8428199566423a9f7c, type: 3}
      propertyPath: m_LocalEulerAnglesHint.x
      value: 0
      objectReference: {fileID: 0}
    - target: {fileID: 7968998137250995412, guid: 795ac2446a264e8428199566423a9f7c, type: 3}
      propertyPath: m_LocalEulerAnglesHint.y
      value: 0
      objectReference: {fileID: 0}
    - target: {fileID: 7968998137250995412, guid: 795ac2446a264e8428199566423a9f7c, type: 3}
      propertyPath: m_LocalEulerAnglesHint.z
      value: 0
      objectReference: {fileID: 0}
    - target: {fileID: 7968998137250995415, guid: 795ac2446a264e8428199566423a9f7c, type: 3}
      propertyPath: m_Name
      value: Enviorment (8)
      objectReference: {fileID: 0}
    m_RemovedComponents: []
  m_SourcePrefab: {fileID: 100100000, guid: 795ac2446a264e8428199566423a9f7c, type: 3}
--- !u!1001 &1777563123
PrefabInstance:
  m_ObjectHideFlags: 0
  serializedVersion: 2
  m_Modification:
    m_TransformParent: {fileID: 1192720943}
    m_Modifications:
    - target: {fileID: 7968998137250995412, guid: 795ac2446a264e8428199566423a9f7c, type: 3}
      propertyPath: m_RootOrder
      value: 5
      objectReference: {fileID: 0}
    - target: {fileID: 7968998137250995412, guid: 795ac2446a264e8428199566423a9f7c, type: 3}
      propertyPath: m_LocalPosition.x
      value: 41
      objectReference: {fileID: 0}
    - target: {fileID: 7968998137250995412, guid: 795ac2446a264e8428199566423a9f7c, type: 3}
      propertyPath: m_LocalPosition.y
      value: 0
      objectReference: {fileID: 0}
    - target: {fileID: 7968998137250995412, guid: 795ac2446a264e8428199566423a9f7c, type: 3}
      propertyPath: m_LocalPosition.z
      value: 82
      objectReference: {fileID: 0}
    - target: {fileID: 7968998137250995412, guid: 795ac2446a264e8428199566423a9f7c, type: 3}
      propertyPath: m_LocalRotation.w
      value: 1
      objectReference: {fileID: 0}
    - target: {fileID: 7968998137250995412, guid: 795ac2446a264e8428199566423a9f7c, type: 3}
      propertyPath: m_LocalRotation.x
      value: -0
      objectReference: {fileID: 0}
    - target: {fileID: 7968998137250995412, guid: 795ac2446a264e8428199566423a9f7c, type: 3}
      propertyPath: m_LocalRotation.y
      value: -0
      objectReference: {fileID: 0}
    - target: {fileID: 7968998137250995412, guid: 795ac2446a264e8428199566423a9f7c, type: 3}
      propertyPath: m_LocalRotation.z
      value: -0
      objectReference: {fileID: 0}
    - target: {fileID: 7968998137250995412, guid: 795ac2446a264e8428199566423a9f7c, type: 3}
      propertyPath: m_LocalEulerAnglesHint.x
      value: 0
      objectReference: {fileID: 0}
    - target: {fileID: 7968998137250995412, guid: 795ac2446a264e8428199566423a9f7c, type: 3}
      propertyPath: m_LocalEulerAnglesHint.y
      value: 0
      objectReference: {fileID: 0}
    - target: {fileID: 7968998137250995412, guid: 795ac2446a264e8428199566423a9f7c, type: 3}
      propertyPath: m_LocalEulerAnglesHint.z
      value: 0
      objectReference: {fileID: 0}
    - target: {fileID: 7968998137250995415, guid: 795ac2446a264e8428199566423a9f7c, type: 3}
      propertyPath: m_Name
      value: Enviorment (7)
      objectReference: {fileID: 0}
    m_RemovedComponents: []
  m_SourcePrefab: {fileID: 100100000, guid: 795ac2446a264e8428199566423a9f7c, type: 3}
--- !u!4 &1808875262 stripped
Transform:
  m_CorrespondingSourceObject: {fileID: 7968998137250995412, guid: 795ac2446a264e8428199566423a9f7c, type: 3}
  m_PrefabInstance: {fileID: 590463816}
  m_PrefabAsset: {fileID: 0}
--- !u!114 &1809456087 stripped
MonoBehaviour:
  m_CorrespondingSourceObject: {fileID: 2234548947329900714, guid: 795ac2446a264e8428199566423a9f7c, type: 3}
  m_PrefabInstance: {fileID: 934369176}
  m_PrefabAsset: {fileID: 0}
  m_GameObject: {fileID: 934369177}
  m_Enabled: 1
  m_EditorHideFlags: 0
  m_Script: {fileID: 11500000, guid: 744aa4e9d5e97e94ba25b25319cb8f40, type: 3}
  m_Name: 
  m_EditorClassIdentifier: 
--- !u!4 &1824314641 stripped
Transform:
  m_CorrespondingSourceObject: {fileID: 7968998137250995412, guid: 795ac2446a264e8428199566423a9f7c, type: 3}
  m_PrefabInstance: {fileID: 543469308}
  m_PrefabAsset: {fileID: 0}
--- !u!1 &2022684859
GameObject:
  m_ObjectHideFlags: 0
  m_CorrespondingSourceObject: {fileID: 0}
  m_PrefabInstance: {fileID: 0}
  m_PrefabAsset: {fileID: 0}
  serializedVersion: 6
  m_Component:
  - component: {fileID: 2022684863}
  - component: {fileID: 2022684862}
  - component: {fileID: 2022684861}
  - component: {fileID: 2022684860}
  - component: {fileID: 2022684864}
  m_Layer: 5
  m_Name: Canvas
  m_TagString: Untagged
  m_Icon: {fileID: 0}
  m_NavMeshLayer: 0
  m_StaticEditorFlags: 0
  m_IsActive: 1
--- !u!114 &2022684860
MonoBehaviour:
  m_ObjectHideFlags: 0
  m_CorrespondingSourceObject: {fileID: 0}
  m_PrefabInstance: {fileID: 0}
  m_PrefabAsset: {fileID: 0}
  m_GameObject: {fileID: 2022684859}
  m_Enabled: 1
  m_EditorHideFlags: 0
  m_Script: {fileID: 11500000, guid: dc42784cf147c0c48a680349fa168899, type: 3}
  m_Name: 
  m_EditorClassIdentifier: 
  m_IgnoreReversedGraphics: 1
  m_BlockingObjects: 0
  m_BlockingMask:
    serializedVersion: 2
    m_Bits: 4294967295
--- !u!114 &2022684861
MonoBehaviour:
  m_ObjectHideFlags: 0
  m_CorrespondingSourceObject: {fileID: 0}
  m_PrefabInstance: {fileID: 0}
  m_PrefabAsset: {fileID: 0}
  m_GameObject: {fileID: 2022684859}
  m_Enabled: 1
  m_EditorHideFlags: 0
  m_Script: {fileID: 11500000, guid: 0cd44c1031e13a943bb63640046fad76, type: 3}
  m_Name: 
  m_EditorClassIdentifier: 
  m_UiScaleMode: 1
  m_ReferencePixelsPerUnit: 100
  m_ScaleFactor: 1
  m_ReferenceResolution: {x: 1920, y: 1080}
  m_ScreenMatchMode: 0
  m_MatchWidthOrHeight: 0.5
  m_PhysicalUnit: 3
  m_FallbackScreenDPI: 96
  m_DefaultSpriteDPI: 96
  m_DynamicPixelsPerUnit: 1
  m_PresetInfoIsWorld: 0
--- !u!223 &2022684862
Canvas:
  m_ObjectHideFlags: 0
  m_CorrespondingSourceObject: {fileID: 0}
  m_PrefabInstance: {fileID: 0}
  m_PrefabAsset: {fileID: 0}
  m_GameObject: {fileID: 2022684859}
  m_Enabled: 1
  serializedVersion: 3
  m_RenderMode: 0
  m_Camera: {fileID: 0}
  m_PlaneDistance: 100
  m_PixelPerfect: 0
  m_ReceivesEvents: 1
  m_OverrideSorting: 0
  m_OverridePixelPerfect: 0
  m_SortingBucketNormalizedSize: 0
  m_AdditionalShaderChannelsFlag: 25
  m_SortingLayerID: 0
  m_SortingOrder: 0
  m_TargetDisplay: 0
--- !u!224 &2022684863
RectTransform:
  m_ObjectHideFlags: 0
  m_CorrespondingSourceObject: {fileID: 0}
  m_PrefabInstance: {fileID: 0}
  m_PrefabAsset: {fileID: 0}
  m_GameObject: {fileID: 2022684859}
  m_LocalRotation: {x: 0, y: 0, z: 0, w: 1}
  m_LocalPosition: {x: 0, y: 0, z: 0}
  m_LocalScale: {x: 0, y: 0, z: 0}
  m_Children:
  - {fileID: 556260454}
  - {fileID: 1610858175}
  - {fileID: 1513063517}
  - {fileID: 1473701735}
  - {fileID: 472934130}
  m_Father: {fileID: 0}
  m_RootOrder: 4
  m_LocalEulerAnglesHint: {x: 0, y: 0, z: 0}
  m_AnchorMin: {x: 0, y: 0}
  m_AnchorMax: {x: 0, y: 0}
  m_AnchoredPosition: {x: 0, y: 0}
  m_SizeDelta: {x: 0, y: 0}
  m_Pivot: {x: 0, y: 0}
--- !u!114 &2022684864
MonoBehaviour:
  m_ObjectHideFlags: 0
  m_CorrespondingSourceObject: {fileID: 0}
  m_PrefabInstance: {fileID: 0}
  m_PrefabAsset: {fileID: 0}
  m_GameObject: {fileID: 2022684859}
  m_Enabled: 1
  m_EditorHideFlags: 0
  m_Script: {fileID: 11500000, guid: e256ef8c0d1d2ef41a3afaf1d6a5a708, type: 3}
  m_Name: 
  m_EditorClassIdentifier: 
  currentTime: {fileID: 556260455}
  bestTime: {fileID: 1610858176}
  cumulativeReward: {fileID: 1513063518}
  collisionCount: {fileID: 1473701736}
  successRate: {fileID: 472934128}
  agent: {fileID: 1809456087}
--- !u!4 &2048707177 stripped
Transform:
  m_CorrespondingSourceObject: {fileID: 7968998137250995412, guid: 795ac2446a264e8428199566423a9f7c, type: 3}
  m_PrefabInstance: {fileID: 160923886}
  m_PrefabAsset: {fileID: 0}
--- !u!4 &2059810467 stripped
Transform:
  m_CorrespondingSourceObject: {fileID: 7968998137250995412, guid: 795ac2446a264e8428199566423a9f7c, type: 3}
  m_PrefabInstance: {fileID: 1728948303}
  m_PrefabAsset: {fileID: 0}
--- !u!4 &2097142817 stripped
Transform:
  m_CorrespondingSourceObject: {fileID: 7968998137250995412, guid: 795ac2446a264e8428199566423a9f7c, type: 3}
  m_PrefabInstance: {fileID: 1777563123}
  m_PrefabAsset: {fileID: 0}
--- !u!1001 &2111629880
PrefabInstance:
  m_ObjectHideFlags: 0
  serializedVersion: 2
  m_Modification:
    m_TransformParent: {fileID: 1192720943}
    m_Modifications:
    - target: {fileID: 7968998137250995412, guid: 795ac2446a264e8428199566423a9f7c, type: 3}
      propertyPath: m_RootOrder
      value: 4
      objectReference: {fileID: 0}
    - target: {fileID: 7968998137250995412, guid: 795ac2446a264e8428199566423a9f7c, type: 3}
      propertyPath: m_LocalPosition.x
      value: 41
      objectReference: {fileID: 0}
    - target: {fileID: 7968998137250995412, guid: 795ac2446a264e8428199566423a9f7c, type: 3}
      propertyPath: m_LocalPosition.y
      value: 0
      objectReference: {fileID: 0}
    - target: {fileID: 7968998137250995412, guid: 795ac2446a264e8428199566423a9f7c, type: 3}
      propertyPath: m_LocalPosition.z
      value: 41
      objectReference: {fileID: 0}
    - target: {fileID: 7968998137250995412, guid: 795ac2446a264e8428199566423a9f7c, type: 3}
      propertyPath: m_LocalRotation.w
      value: 1
      objectReference: {fileID: 0}
    - target: {fileID: 7968998137250995412, guid: 795ac2446a264e8428199566423a9f7c, type: 3}
      propertyPath: m_LocalRotation.x
      value: -0
      objectReference: {fileID: 0}
    - target: {fileID: 7968998137250995412, guid: 795ac2446a264e8428199566423a9f7c, type: 3}
      propertyPath: m_LocalRotation.y
      value: -0
      objectReference: {fileID: 0}
    - target: {fileID: 7968998137250995412, guid: 795ac2446a264e8428199566423a9f7c, type: 3}
      propertyPath: m_LocalRotation.z
      value: -0
      objectReference: {fileID: 0}
    - target: {fileID: 7968998137250995412, guid: 795ac2446a264e8428199566423a9f7c, type: 3}
      propertyPath: m_LocalEulerAnglesHint.x
      value: 0
      objectReference: {fileID: 0}
    - target: {fileID: 7968998137250995412, guid: 795ac2446a264e8428199566423a9f7c, type: 3}
      propertyPath: m_LocalEulerAnglesHint.y
      value: 0
      objectReference: {fileID: 0}
    - target: {fileID: 7968998137250995412, guid: 795ac2446a264e8428199566423a9f7c, type: 3}
      propertyPath: m_LocalEulerAnglesHint.z
      value: 0
      objectReference: {fileID: 0}
    - target: {fileID: 7968998137250995415, guid: 795ac2446a264e8428199566423a9f7c, type: 3}
      propertyPath: m_Name
      value: Enviorment (6)
      objectReference: {fileID: 0}
    m_RemovedComponents: []
  m_SourcePrefab: {fileID: 100100000, guid: 795ac2446a264e8428199566423a9f7c, type: 3}
--- !u!4 &2111700073 stripped
Transform:
  m_CorrespondingSourceObject: {fileID: 7968998137250995412, guid: 795ac2446a264e8428199566423a9f7c, type: 3}
  m_PrefabInstance: {fileID: 791884084}
  m_PrefabAsset: {fileID: 0}
--- !u!1001 &2134669411
PrefabInstance:
  m_ObjectHideFlags: 0
  serializedVersion: 2
  m_Modification:
    m_TransformParent: {fileID: 1192720943}
    m_Modifications:
    - target: {fileID: 7968998137250995412, guid: 795ac2446a264e8428199566423a9f7c, type: 3}
      propertyPath: m_RootOrder
      value: 6
      objectReference: {fileID: 0}
    - target: {fileID: 7968998137250995412, guid: 795ac2446a264e8428199566423a9f7c, type: 3}
      propertyPath: m_LocalPosition.x
      value: 41
      objectReference: {fileID: 0}
    - target: {fileID: 7968998137250995412, guid: 795ac2446a264e8428199566423a9f7c, type: 3}
      propertyPath: m_LocalPosition.y
      value: 0
      objectReference: {fileID: 0}
    - target: {fileID: 7968998137250995412, guid: 795ac2446a264e8428199566423a9f7c, type: 3}
      propertyPath: m_LocalPosition.z
      value: 123
      objectReference: {fileID: 0}
    - target: {fileID: 7968998137250995412, guid: 795ac2446a264e8428199566423a9f7c, type: 3}
      propertyPath: m_LocalRotation.w
      value: 1
      objectReference: {fileID: 0}
    - target: {fileID: 7968998137250995412, guid: 795ac2446a264e8428199566423a9f7c, type: 3}
      propertyPath: m_LocalRotation.x
      value: -0
      objectReference: {fileID: 0}
    - target: {fileID: 7968998137250995412, guid: 795ac2446a264e8428199566423a9f7c, type: 3}
      propertyPath: m_LocalRotation.y
      value: -0
      objectReference: {fileID: 0}
    - target: {fileID: 7968998137250995412, guid: 795ac2446a264e8428199566423a9f7c, type: 3}
      propertyPath: m_LocalRotation.z
      value: -0
      objectReference: {fileID: 0}
    - target: {fileID: 7968998137250995412, guid: 795ac2446a264e8428199566423a9f7c, type: 3}
      propertyPath: m_LocalEulerAnglesHint.x
      value: 0
      objectReference: {fileID: 0}
    - target: {fileID: 7968998137250995412, guid: 795ac2446a264e8428199566423a9f7c, type: 3}
      propertyPath: m_LocalEulerAnglesHint.y
      value: 0
      objectReference: {fileID: 0}
    - target: {fileID: 7968998137250995412, guid: 795ac2446a264e8428199566423a9f7c, type: 3}
      propertyPath: m_LocalEulerAnglesHint.z
      value: 0
      objectReference: {fileID: 0}
    - target: {fileID: 7968998137250995415, guid: 795ac2446a264e8428199566423a9f7c, type: 3}
      propertyPath: m_Name
      value: Enviorment (4)
      objectReference: {fileID: 0}
    m_RemovedComponents: []
  m_SourcePrefab: {fileID: 100100000, guid: 795ac2446a264e8428199566423a9f7c, type: 3}
